1987 3244
344 206 423 246 106
768 206 809 245 Α
832 206 1103 245 Sclzolastieal
1121 204 1294 256 History
1316 203 1365 256 of

141 317 164 346 C
182 317 301 347 HAP-
336 312 593 364 translating
624 311 708 352 and
738 311 812 351 the
842 324 916 351 1156
947 310 993 350 of
1017 309 1052 349 it
1083 313 1126 349 at
1158 308 1227 359 all,
1255 307 1454 361 (wherein
1484 307 1536 347 116
1569 306 1789 359 disagreed

190 360 249 389 VI.

307 381 445 421 -from
474 380 593 421 them
609 380 636 432 3)
682 379 884 432 choosing
914 378 1058 418 rather
1087 381 1132 417 to
1163 377 1302 429 please
1332 376 1397 416 his
1427 375 1600 425 friends,
1632 375 1717 415 and
1745 379 1790 415 to

335 449 473 489 follow
494 448 568 488 the
588 447 708 487 mind
731 447 778 487 os
804 446 924 486 those
947 445 1128 497 Bishops
1149 444 1244 484 that
1266 457 1373 484 were
1393 444 1558 484 instant
1580 442 1680 483 with
1700 442 1790 482 him

334 516 399 556 for
414 516 509 556 that
530 528 723 568 purpose,
741 514 848 554 than
869 517 914 553 to
937 516 1112 552 content
1133 511 1206 551 the
1228 510 1419 551 Rabbins
1435 510 1529 550 that
1552 524 1597 550 so
1623 510 1792 563 eagerly

335 583 519 637 opposed
539 583 586 623 it.
648 583 730 622 For
750 582 803 622 he
826 579 1061 621 accounted
1081 580 1154 619 the
1183 578 1295 619 book
1316 582 1361 618 to
1389 578 1442 618 be
1471 592 1494 618 a
1523 577 1633 630 good
1661 577 1746 617 and
1768 591 1792 617 a

334 651 433 705 holy
453 650 577 700 book,
599 649 765 703 though
792 649 845 689 he
876 647 975 688 held
1006 647 1039 687 it
1071 652 1147 687 not
1174 651 1219 686 to
1249 646 1302 686 be
1334 646 1554 686 canonical
1584 659 1640 685 no
1673 659 1790 685 more

334 719 441 759 than
460 719 534 758 the
556 717 728 758 Church
749 716 796 757 of
820 716 885 756 his
916 715 1020 756 time
1047 714 1170 755 didm.
1232 713 1333 754 And
1365 727 1409 754 so
1440 713 1504 753 far
1532 713 1567 752 is
1598 712 1651 752 he
1681 711 1792 752 from

333 786 566 839 retracting
597 800 679 839 any
710 785 836 838 thing
866 784 980 833 here,
1010 783 1118 834 that,
1150 783 1197 823 in
1228 782 1451 836 satisfying
1481 782 1555 822 the
1586 781 1720 821 desire
1751 780 1799 821 of

335 854 490 903 others,
520 854 573 893 he
604 853 841 907 professeth
870 852 1003 905 freely
1030 851 1125 891 that
1155 851 1209 891 he
1241 850 1314 890 did
1344 854 1420 890 not
1449 863 1494 890 so
1522 849 1615 889 well
1646 848 1793 901 satisfy

335 921 510 962 himself
534 922 580 961 in
600 922 675 962 the
703 921 948 962 traduction
969 920 1016 961 of
1040 920 1144 960 such
1171 919 1306 960 books
1340 933 1384 959 as
1412 918 1623 970 belonged
1650 922 1725 958 not
1747 922 1792 957 to

335 990 410 1030 the
441 1003 578 1030 canon
609 989 656 1029 of
685 989 760 1029 the
791 988 928 1028 Bible.
991 988 1086 1037 For,
1116 988 1210 1028 that
1244 986 1380 1027 either
1410 986 1464 1026 he
1497 999 1544 1026 or
1575 986 1648 1025 the
1680 986 1792 1025 Jews

335 1056 550 1097 reckoned
581 1056 616 1096 it
650 1070 806 1109 among
839 1056 913 1096 the
944 1055 1290 1108 Hagiographan,
1318 1053 1469 1106 (which
1501 1053 1535 1092 is
1570 1052 1645 1093 the
1677 1052 1793 1092 third

340 1124 445 1163 class
468 1123 515 1163 of
540 1122 613 1163 the
638 1127 735 1163 true
756 1123 889 1163 books
911 1122 1209 1175 appertaining
1236 1125 1281 1161 to
1311 1121 1384 1161 the
1407 1120 1490 1160 Old
1512 1120 1788 1171 Testament,)

338 1205 382 1230 as
410 1190 484 1230 the
512 1189 627 1230 word
655 1190 689 1229 is
721 1204 813 1230 now
840 1190 1023 1242 printed,
1048 1203 1094 1229 or
1117 1203 1198 1229 was
1226 1188 1425 1241 formerly
1447 1187 1616 1227 written
1646 1188 1692 1226 in
1718 1188 1792 1227 the

338 1257 475 1311 copies
500 1271 594 1297 now
617 1257 740 1310 given
769 1271 817 1296 us
843 1257 889 1296 of
920 1257 961 1295 S.
986 1257 1011 1295 J
1016 1256 1192 1296 erome's
1222 1255 1408 1308 prefaces
1437 1254 1523 1294 and
1553 1254 1794 1306 epistles,-—-

338 1325 423 1365 this
444 1325 480 1364 is
503 1339 527 1365 a
548 1325 858 1365 contradiction
888 1325 932 1364 in
958 1324 1115 1376 adjecto
1125 1330 1152 1373 ⁰,
1176 1322 1260 1363 and
1282 1337 1306 1362 a
1326 1326 1437 1362 most
1458 1322 1658 1362 manifest
1680 1335 1794 1362 error

338 1393 384 1432 in
400 1393 474 1432 the
491 1392 639 1442 scribe,
657 1392 816 1446 plainly
833 1391 1052 1432 confessed
1073 1405 1118 1431 so
1140 1396 1184 1430 to
1208 1389 1270 1439 be,
1294 1389 1398 1429 both
1419 1389 1475 1443 by
1491 1389 1564 1428 the
1582 1389 1794 1443 Ordinary

342 1460 426 1500 and
453 1460 738 1514 Interlineary
773 1460 933 1509 Glossp,
957 1459 1042 1499 and
1075 1458 1131 1512 by
1164 1458 1397 1507 Comestor,
1428 1457 1560 1510 Hugo
1587 1456 1661 1497 the
1693 1457 1794 1497 Car-

385 1576 414 1593 m
440 1571 541 1607 Idem,
559 1570 653 1601 Praef.
671 1571 703 1600 in
721 1571 867 1601 Proverb.
883 1570 938 1610 [al.
954 1571 1036 1601 Prol.

343 1615 377 1644 in
402 1614 472 1643 libr.
507 1614 635 1649 salom„
664 1618 739 1643 tom.
768 1614 809 1644 ix.
839 1614 897 1643 001.
928 1613 1037 1653 1295]

344 1656 498 1695 (Librum
522 1656 646 1695 Tobiae)
668 1656 746 1695 legit
769 1656 899 1695 quidem
924 1656 1037 1685 Eccle-

343 1699 399 1735 sia,
418 1700 472 1728 sed
488 1709 562 1728 eum
578 1699 659 1728 inter
676 1699 856 1738 Scripturas
873 1699 1039 1728 canonicas

343 1752 405 1771 non
422 1741 542 1781 recipit.

387 1789 405 1805 1¹
430 1784 524 1814 Praef.
538 1784 622 1813 citat.
636 1784 669 1812 in
681 1783 756 1813 Tob.
773 1783 865 1822 [tom.
876 1794 905 1812 x.
918 1783 975 1813 col.
992 1783 1036 1822 1.]

344 1826 481 1856 Librum
510 1827 619 1856 Tobiae
646 1826 697 1862 iis,
722 1837 793 1866 qnae
822 1826 1040 1865 hagiographa

346 1868 421 1909 [leg.
446 1868 644 1908 apocrypha]
672 1874 859 1905 memorant,
876 1869 1037 1907 mancipa-

343 1916 419 1941 runt
438 1912 577 1941 Hebraei.

387 1959 403 1974 0
428 1954 509 1983 Ibid.
528 1954 659 1983 Hebraei
674 1954 791 1983 librum
810 1953 918 1983 Tobiae
934 1953 971 1983 de
988 1963 1039 1982 ca-

343 1996 449 2036 talogo
464 1996 658 2026 Divinarum
676 1996 914 2035 seripturarum
930 2006 1037 2025 secan-

344 2043 400 2075 tes,
418 2039 475 2068 &cu
525 2038 612 2077 [Vid.
632 2049 716 2078 supr.
734 2043 796 2068 not.
814 2038 853 2078 1.]

386 2086 399 2103 ¹²
424 2082 551 2111 Praefat.
570 2082 601 2110 in
621 2081 715 2117 Bibl„
731 2091 795 2110 una
812 2091 886 2110 cum
904 2080 1040 2117 Glossis,

347 2124 529 2153 Comment.
543 2124 663 2159 Lirani,
674 2130 704 2153 et
716 2123 922 2153 Addit.Pauli
932 2124 1042 2163 Burg.‚

346 2167 400 2195 &c
422 2166 514 2204 [tom.
532 2166 550 2195 i.
569 2166 663 2196 Praef.
683 2166 733 2195 De
747 2166 915 2195 Canonicis
933 2170 963 2195 et
978 2176 1042 2195 non

347 2209 515 2237 Canonicis
530 2208 626 2237 libris.
653 2208 734 2238 Sect.
761 2208 876 2247 Neque
889 2208 1040 2247 aliquem,

346 2250 411 2279 sive
446 2249 869 2289 Neminem.]———Neminem
906 2256 1041 2286 moveat,

345 2292 430 2331 quod
446 2292 478 2321 in
495 2292 603 2321 Tobiae
624 2297 653 2321 et
668 2293 811 2322 Judithae
835 2292 973 2331 prologis
993 2293 1041 2322 di-

346 2334 438 2370 citur,
454 2334 539 2373 quod
553 2334 638 2374 apud
656 2335 811 2363 Hebraeos
826 2335 909 2363 inter
921 2335 1041 2373 Hagio-

347 2377 470 2415 grapha
480 2377 630 2415 leguntur
641 2389 647 2411 ;
673 2377 749 2415 quia
760 2377 947 2406 manifestus
959 2386 1044 2405 error

347 2424 410 2448 est:
447 2424 478 2448 et
502 2418 706 2458 Apocrypha,
731 2429 795 2447 non
818 2418 1044 2457 Hagiographa

347 2466 394 2490 est
416 2461 598 2500 legendum.
647 2461 713 2492 Qui
735 2470 819 2490 error
838 2461 869 2489 in
895 2461 1043 2489 omnibus

348 2513 428 2543 quos
456 2504 588 2533 viderim
614 2503 774 2533 codicibus
802 2503 980 2537 invenitur3
1013 2506 1044 2531 et

347 2546 481 2575 inolevit
503 2546 551 2584 (ut
576 2546 667 2586 puto)
693 2556 731 2575 ex
756 2546 871 2585 pietate
895 2549 925 2574 et
947 2545 1042 2573 devo-

348 2588 433 2617 tione
460 2589 717 2624 exscribentium,
746 2588 800 2627 qui
825 2587 1044 2616 devotissimas

347 2630 494 2660 historias
528 2631 699 2660 horrebant
724 2640 932 2660 annumerare
964 2629 1046 2658 inter

347 2672 551 2713 Apocrypha.
588 2673 674 2703 Nam
692 2674 775 2712 quod
791 2673 843 2702 hic
859 2682 944 2702 error
959 2672 1045 2701 mul-

348 2715 389 2744 tis
404 2720 487 2745 retro
504 2716 596 2745 annis
619 2716 742 2745 codices
767 2715 979 2754 occupaverit,
995 2724 1044 2743 os-

348 2758 450 2787 tendit
465 2758 622 2797 Magister
640 2758 809 2797 (Historiae
828 2757 1045 2792 scholasticae,

348 2799 464 2829 Petrus
492 2800 682 2839 Comestor,)
709 2801 743 2830 in
768 2800 899 2830 historia
921 2799 1045 2836 Jndith,

351 2841 441 2881 [Vid.
467 2853 555 2872 num.
578 2843 712 2882 cxxvii]
742 2843 795 2872 ubi
819 2842 914 2872 dicit:
951 2842 1046 2871 “Hic

348 2884 429 2914 liber
464 2885 550 2925 apud
581 2885 751 2915 Chaldaeos
788 2885 870 2915 inter
899 2884 1046 2914 historias

350 2931 565 2966 computatur,
597 2932 627 2957 et
658 2928 741 2967 apud
778 2928 930 2957 Hebraeos
965 2927 1047 2956 inter

351 2969 564 3009 Apocrypha;
605 2971 688 3009 quod
720 2970 795 3000 dicit
828 2970 1046 3009 Hieronymus

1098 1570 1131 1599 in
1160 1569 1307 1609 Prologo‚
1338 1569 1393 1608 qui
1423 1569 1467 1598 sic
1492 1568 1621 1607 incipit:
1655 1566 1792 1597 ιΧΧΙΙ.

1099 1613 1243 1642 Literas.’
1279 1613 1312 1641 Si
1329 1621 1403 1651 ergo
1416 1611 1533 1640 alicubi
1549 1611 1580 1639 in
1594 1610 1723 1650 prologo
1739 1620 1792 1639 511-

1099 1665 1155 1694 per
1170 1654 1281 1684 Judith
1300 1654 1416 1692 legitur
1434 1654 1533 1682 ‘inter
1546 1653 1794 1692 Hagiographa‚’

1099 1697 1215 1726 vitium
1246 1697 1408 1736 scriptoris
1442 1701 1500 1732 est,
1533 1694 1634 1734 [quod
1664 1695 1695 1724 in
1725 1695 1795 1734 ipso

1100 1739 1194 1768 titulo
1229 1738 1421 1778 deprehendi
1458 1737 1694 1778 potest.'’—Ex
1732 1747 1794 1776 quo

1100 1782 1206 1818 miror,
1229 1781 1313 1820 quod
1340 1781 1443 1810 dictus
1472 1780 1628 1819 Magister
1651 1790 1713 1809 non
1737 1780 1793 1809 ad-

1098 1824 1226 1854 verterit
1250 1824 1387 1853 eundem
1410 1833 1478 1852 esse
1502 1832 1639 1852 errorem
1663 1823 1695 1851 in
1721 1832 1792 1861 pro-

1098 1867 1170 1906 logo
1187 1867 1306 1902 Tobiae,
1321 1866 1374 1895 ubi
1390 1866 1458 1905 ipse
1474 1865 1567 1894 dicit:
1592 1867 1612 1880 ⁴‘
1626 1865 1720 1894 Hanc
1734 1865 1795 1894 his-

1100 1910 1213 1938 toriam
1239 1909 1370 1938 Hebraei
1393 1912 1516 1948 ponunt
1542 1907 1623 1936 inter
1647 1908 1795 1946 Apocry—

1099 1952 1194 1991 pha.⁷'
1247 1952 1464 1990 Hieronymus
1488 1954 1595 1980 tamen
1610 1950 1644 1979 in
1664 1949 1796 1989 prologo

1100 2004 1156 2024 suo
1177 1994 1253 2024 dicit
1268 1996 1274 2009 ⁵
1288 1994 1370 2023 inter
1387 1992 1634 2032 Hagiographa.’
1681 1991 1798 2021 Glossa

1100 2047 1226 2076 quoque
1249 2047 1344 2076 super
1360 2035 1444 2065 dicto
1468 2035 1598 2074 prologo
1620 2034 1729 2064 Tobiae
1747 2034 1794 2063 di-

1102 2080 1160 2109 eit:
1204 2079 1346 2108 “Potius
1370 2084 1400 2107 et
1423 2078 1528 2107 verius
1553 2077 1694 2112 dixisset,
1716 2077 1799 2106 inter

1101 2121 1312 2161 Apocrypha;
1349 2121 1398 2150 vel
1424 2120 1512 2159 large
1536 2119 1651 2159 accipit
1674 2119 1796 2158 Hagio-

1101 2165 1233 2204 gmpha,
1258 2163 1348 2203 quasi
1373 2163 1563 2192 Sanctorum
1592 2162 1728 2201 scripta;
1768 2166 1799 2191 et

1101 2207 1144 2236 ita
1159 2217 1223 2236 non
1240 2212 1288 2236 est
1304 2207 1341 2235 de
1364 2215 1497 2235 numero
1519 2205 1649 2234 illorum
1670 2213 1798 2240 novem,

1102 2259 1173 2288 quae
1212 2249 1339 2288 proprie
1373 2248 1521 2277 dicuntur
1558 2246 1799 2286 Hagiographa,

1102 2302 1174 2330 quae
1193 2297 1266 2321 sunt
1281 2292 1318 2320 de
1335 2290 1531 2330 catalog0,id
1547 2294 1604 2325 est,
1616 2290 1654 2318 de
1666 2298 1798 2318 numero

1104 2334 1215 2372 viginti
1232 2334 1366 2363 duorum
1379 2333 1533 2362 librorum
1545 2330 1796 2369 Biblicorum.’⁷]

1103 2375 1190 2404 Nam
1201 2386 1301 2414 quum
1316 2375 1546 2414 Hieronymus,
1557 2374 1587 2403 in
1599 2374 1676 2413 prol.
1691 2373 1797 2412 galea-

1102 2421 1143 2453 to,
1171 2423 1243 2456 post
1269 2418 1541 2446 enumerationem
1572 2417 1798 2445 canonicorum

1101 2459 1253 2488 librorum
1269 2459 1353 2488 dicat
1367 2471 1372 2488 :
1405 2460 1423 2474 ‘⁶
1438 2459 1500 2488 Hic
1518 2458 1674 2496 Prologus
1689 2457 1796 2496 Scrip-

1103 2506 1257 2537 turarum,
1288 2501 1378 2540 quasi
1404 2501 1568 2539 galeatum
1594 2500 1797 2538 principium,

1104 2544 1252 2573 omnibus
1266 2543 1356 2572 libris
1383 2552 1461 2581 quos
1486 2542 1523 2571 de
1548 2542 1686 2570 Hebraeo
1702 2541 1797 2570 verti-

1104 2596 1176 2615 mus
1191 2586 1224 2614 in
1246 2585 1401 2614 Latinum
1426 2584 1594 2613 convenire
1618 2588 1738 2622 potest;
1763 2588 1800 2612 ut

1105 2628 1377 2662 scire'valeamus,
1393 2626 1546 2665 quicquid
1562 2630 1650 2655 extra
1669 2626 1726 2654 hos
1741 2631 1800 2661 est,

1104 2671 1187 2700 inter
1203 2669 1397 2709 Apocrypha
1418 2679 1485 2698 esse
1507 2668 1708 2708 ponendum:
1737 2668 1797 2706 igi-

1106 2718 1156 2742 tur
1174 2713 1245 2752 Sap.
1264 2722 1335 2752 quae
1359 2711 1457 2750 vulgo
1481 2711 1661 2740 Salomonis
1686 2710 1798 2739 inscri-

1105 2755 1199 2790 bitur,
1216 2760 1247 2785 et
1270 2755 1349 2783 liber
1371 2754 1448 2783 Ι16511
1470 2753 1528 2782 filii
1553 2753 1673 2788 Sirach,
1690 2757 1721 2781 et
1740 2752 1798 2781 Ju-

1106 2798 1183 2833 dith,
1201 2802 1231 2827 et
1249 2797 1377 2832 Tobias,
1394 2801 1425 2826 et
1447 2796 1567 2831 Pastor,
1585 2805 1648 2824 non
1673 2799 1748 2824 sunt
1767 2795 1801 2824 in

1105 2850 1224 2870 canone
1237 2838 1471 2878 ;‘’—quomod0
1487 2838 1679 2867 credendum
1696 2841 1743 2866 est
1759 2837 1798 2866 il-

1104 2883 1172 2913 lum
1196 2887 1304 2922 postea
1327 2884 1358 2910 in
1382 2881 1446 2910 illis
1472 2880 1611 2920 prologis
1637 2879 1801 2918 scripsisse

1107 2924 1193 2964 [eos]
1222 2925 1320 2954 ‘inter
1342 2925 1584 2963 Hagiographa‚’
1603 2926 1634 2952 et
1657 2922 1715 2951 sibi
1739 2921 1800 2961 ipsi

1107 2967 1341 2998 contradicere?
1370 2967 1403 2996 Si
1420 2966 1490 3005 quis
1512 2970 1665 3005 praeterea
1683 2964 1798 2994 libera-
