1987 3244
417 228 500 267 112
846 225 885 263 A
910 222 1183 264 Scholastieal
1200 221 1373 272 History
1395 220 1444 272 of

216 344 240 374 C
258 344 331 374 HA
346 343 383 374 P.
415 332 499 373 and
532 330 745 385 expressly
767 328 939 369 denieth
969 343 1049 381 any
1072 325 1345 367 retractation
1372 324 1632 378 [retraction,
1649 323 1713 363 ed.
1731 323 1811 364 167
1815 322 1860 376 2]

268 387 327 417 VI.
414 400 461 440 of
476 399 608 440 them.
671 397 818 438 About
832 397 905 437 the
929 411 1030 450 year
1045 397 1129 435 409
1152 394 1204 434 he
1227 400 1355 434 wrote
1377 407 1492 446 upon
1513 393 1639 445 Esay,
1654 391 1792 431 where
1813 391 1866 430 he

413 466 617 507 revoketh
643 465 839 517 nothing.
901 464 1000 504 And
1031 464 1075 503 in
1097 463 1171 503 the
1199 463 1326 502 latter
1348 461 1431 501 end
1458 461 1505 501 of
1526 461 1591 500 his
1620 473 1696 513 age
1723 460 1776 499 he
1805 463 1868 499 set

413 535 527 576 forth
541 534 605 574 his
627 538 916 586 commentary
929 546 1045 585 upon
1066 530 1251 580 Ezekiel,
1268 529 1453 570 wherein
1468 529 1522 569 he
1539 527 1868 579 acknowledged

414 617 471 643 no
495 617 612 643 more
645 601 777 642 books
806 600 853 640 of
874 601 947 640 the
977 599 1060 640 Old
1089 599 1336 639 Testament
1358 598 1463 637 than
1491 597 1545 636 he
1572 596 1657 636 had
1686 594 1869 635 counted

415 671 570 720 before,
592 670 670 710 but
699 668 928 709 continued
951 667 1018 707 his
1039 666 1171 707 belief
1197 665 1280 706 and
1307 665 1537 719 judgment
1559 663 1707 704 herein
1730 668 1773 703 to
1795 663 1868 702 the

418 739 498 793 day
515 739 561 779 of
577 738 641 778 his
659 737 799 786 death,
818 736 955 776 which
976 734 1167 776 followed
1189 739 1265 774 not
1286 733 1389 786 long
1411 733 1531 772 after.

202 818 288 848 A.D.
307 818 376 848 398.
476 807 679 847 LXXIV.
712 806 772 845 To
796 805 838 844 S.
854 803 1025 844 Jerome
1053 816 1113 842 we
1141 816 1239 856 may
1261 800 1343 841 add
1364 800 1429 840 his
1455 799 1626 840 ancient
1655 798 1739 839 and
1760 801 1870 837 most

204 861 302 933 gx?
319 907 396 932 tom.
420 875 600 928 entirely
621 873 796 914 beloved
816 872 975 912 friendC
1009 870 1189 923 (though
1211 869 1434 909 afterward
1455 868 1519 907 his
1541 881 1647 920 open
1671 866 1755 906 and
1776 879 1870 918 pro-

202 926 380 1029 ἒὸιέρέἳὸϋ,
420 942 555 982 fessed
579 938 842 994 adversaryd)
868 940 1078 988 Ruffinus,
1108 953 1132 977 a
1162 952 1263 977 man
1290 937 1412 976 when
1443 936 1546 976 time
1574 950 1668 984 was,
1691 948 1795 974 even
1826 934 1871 973 in

424 1011 466 1050 S.
490 1009 695 1049 Jerome's
732 1022 824 1048 own
861 1011 1075 1056 accounte,
1111 1006 1300 1046 eminent
1335 1004 1441 1044 both
1473 1004 1537 1043 for
1569 1003 1751 1056 sanctity
1787 1001 1871 1041 and

420 1076 644 1130 learningf,
669 1078 752 1118 and
773 1082 849 1117 not
871 1077 971 1130 only
992 1075 1115 1116 made
1137 1075 1259 1128 equal
1280 1079 1324 1114 to
1345 1074 1433 1113 him
1455 1073 1511 1126 by
1531 1073 1573 1112 S.
1589 1071 1870 1124 Augustineg,

425 1146 532 1199 (who
564 1145 859 1186 endeavoured
885 1149 929 1184 to
957 1158 1094 1184 renew
1123 1143 1235 1182 their
1262 1141 1525 1193 friendship,)
1560 1140 1635 1179 but
1665 1140 1710 1179 in
1739 1139 1873 1179 divers

420 1219 606 1268 respects
638 1213 823 1252 likewise
853 1211 1067 1265 preferred
1095 1210 1239 1251 before
1269 1210 1358 1249 him
1388 1209 1443 1262 by
1469 1205 1758 1257 Gennadiush,
1781 1207 1874 1247 who

466 1336 477 1350 ⁰
503 1332 532 1362 S.
551 1331 639 1361 Hier.
656 1331 718 1370 Ep.
732 1341 761 1361 V.
775 1331 814 1360 ad
826 1329 966 1360 Florent.
987 1327 1080 1368 [tom.
1099 1329 1118 1358 i.

425 1375 483 1405 col.
505 1373 773 1413 13.]--Ruffinus
792 1397 798 1403 .
812 1397 819 1403 .
839 1372 1023 1403 .individua
1040 1371 1120 1400 mihi

423 1417 644 1456 germanitatis
656 1417 786 1446 caritate
797 1425 960 1445 connexus
973 1414 1122 1445 est—Et

426 1460 528 1499 Epist.
546 1459 600 1489 xli.
619 1460 657 1489 ad
682 1459 804 1488 Ruffin.
825 1457 916 1496 [tom.
934 1457 953 1487 i.
971 1457 1030 1487 col.
1048 1458 1122 1487 9.—

426 1503 465 1537 O,
493 1503 519 1531 si
548 1512 634 1531 nunc
664 1502 743 1530 mihi
775 1501 948 1535 Dominus,
976 1501 1045 1534 δια,
1071 1499 1122 1529 vel

427 1544 572 1584 Philippi
602 1544 640 1573 ad
670 1544 883 1578 Eunuchum,
908 1543 958 1571 vel
990 1542 1122 1571 Abacuc

426 1587 466 1617 ad
504 1587 687 1622 Danielem,
718 1586 959 1615 translationem
997 1590 1124 1623 repente

428 1628 642 1668 concederet,]
662 1639 758 1667 quam
775 1638 833 1667 ego
854 1637 939 1657 1111110
959 1631 1012 1656 tua
1028 1627 1124 1656 arctis

429 1672 618 1711 stringerem
642 1671 725 1700 colla
746 1670 982 1709 complexibus!
1011 1668 1125 1708 [quam

429 1715 512 1744 illud
529 1724 574 1750 os,
592 1714 675 1753 quod
700 1724 827 1742 mecum
852 1712 903 1741 vel
928 1712 1044 1741 erravit
1067 1711 1124 1740 ali-

430 1757 567 1796 quando,
591 1757 642 1785 vel
666 1756 782 1795 sapuit,
806 1755 970 1795 impressis
997 1754 1127 1793 figerem

430 1799 560 1838 labiis!]

474 1845 488 1865 11
514 1842 616 1878 Idem,
641 1841 675 1870 in
705 1840 800 1879 Apol.
827 1840 845 1870 i.
877 1844 975 1869 contr.
1005 1839 1127 1868 Ruffln.

433 1884 526 1923 [tom.
558 1885 590 1914 ii.
626 1883 683 1913 col.
714 1885 788 1919 457,
818 1881 1128 1912 45s.—-Scribu11tur

434 1933 543 1956 contra
572 1937 624 1956 me
654 1925 739 1962 libri,
761 1926 951 1964 ingeruntur
982 1924 1128 1954 omnibus

435 1970 585 1999 audiendi
599 1981 605 2003 ;
630 1973 660 1998 et
674 1973 781 1997 tamen
798 1978 860 1997 non
874 1968 1024 1996 eduntur:
1050 1972 1085 1995 ut
1099 1970 1130 1995 et

432 2012 630 2051 simplicium
656 2012 750 2040 corda
776 2010 967 2050 percutiant,
992 2014 1022 2039 et
1048 2009 1128 2038 mihi

433 2055 622 2084 facultatem
653 2064 709 2093 pro
739 2063 790 2082 me
821 2053 967 2082 auferant
996 2062 1123 2091 respon-

434 2096 558 2136 dendi.]
591 2096 722 2126 Novum
738 2095 871 2125 malitiae
889 2105 1000 2134 genus,
1018 2094 1128 2133 [accu-

436 2150 504 2169 sare
528 2139 612 2178 quod
635 2139 725 2178 prodi
747 2138 870 2174 timeas,
888 2138 1023 2167 scribere
1047 2137 1131 2176 quod

436 2182 587 2212 occultas.
643 2182 677 2210 Si
703 2186 778 2210 sunt
804 2180 876 2209 vera
905 2190 977 2219 quae
1011 2180 1130 2215 scribit,

437 2235 494 2254 cur
525 2223 690 2263 publicum
721 2223 851 2252 timuit?
893 2224 918 2252 si
954 2222 1043 2258 falsa,
1075 2232 1131 2251 cur

437 2266 585 2304 scripsit?
605 2288 611 2296 .
630 2288 636 2293 .
653 2288 659 2295 .
680 2265 780 2304 Rogo,
807 2265 878 2304 quis
911 2270 958 2294 est
988 2265 1046 2293 iste
1075 2265 1129 2293 do-

437 2309 509 2338 lor?
532 2331 538 2337 .
555 2330 562 2337 .
579 2330 586 2337 .
604 2307 716 2346 Quod]
735 2307 793 2336 sub
810 2307 903 2336 amici
924 2307 1053 2336 nomine
1069 2307 1130 2335 ini-

437 2351 513 2380 mici
530 2350 661 2379 insidias
677 2349 889 2388 deprehendi?
972 2348 1033 2387 [Et
1051 2359 1129 2387 quo-

438 2391 548 2432 modo]
581 2402 667 2421 nunc
695 2391 805 2420 eadem
834 2391 985 2420 inimicus
1013 2391 1131 2429 objicit,

441 2446 513 2475 quae
530 2440 607 2464 tunc
623 2434 746 2463 amicus
761 2433 967 2462 laudaverat?

483 2482 494 2496 Ε
520 2477 567 2508 Id.
593 2477 656 2516 Ep.
679 2477 718 2506 ad
742 2476 880 2505 Florent.
908 2475 999 2514 [tom.
1027 2475 1046 2504 i.
1074 2475 1132 2504 col.

444 2520 636 2560 14.]-N01i
651 2529 708 2548 nos
720 2518 877 2557 (Ruffini)
893 2518 1052 2547 aestimare
1069 2519 1131 2546 vir-

440 2564 580 2592 tutibus:
620 2562 653 2591 111
689 2561 744 2590 1110
782 2561 956 2599 conspicies
987 2569 1133 2599 expressa

441 2605 618 2635 sanctitatis
633 2604 768 2643 vestigia
782 2601 972 2642 [insignia;]
994 2625 1000 2631 .
1012 2625 1018 2631 .
1035 2624 1041 2631 .
1058 2602 1134 2631 satis

440 2648 541 2677 habeo
566 2646 670 2686 [ego‚]
697 2647 723 2676 si
746 2646 945 2685 splendorem
971 2642 1131 2684 [morum]

443 2691 532 2720 illius
560 2689 763 2719 imbecillitas
793 2688 959 2718 oculorum
990 2697 1132 2717 meorum

443 2734 523 2762 ferre
540 2732 703 2762 sustineat.

487 2778 493 2795 ἕ
520 2775 579 2811 Id.,
597 2775 691 2814 Apol.
708 2774 751 2804 iii.
767 2778 876 2803 contra
893 2773 979 2802 Ruff.
1000 2771 1091 2811 [tom.
1104 2772 1134 2801 ii.

444 2817 502 2846 col.
532 2817 722 2849 537.—Hoc
750 2817 843 2846 modo
868 2821 899 2845 et
924 2820 959 2844 tu
986 2814 1137 2853 bilinguis

444 2859 533 2899 eris,]
552 2860 608 2898 qui
629 2864 751 2889 tantam
774 2859 872 2888 habes
890 2858 997 2887 Graeci
1012 2857 1137 2887 Latini-

445 2912 505 2941 que
530 2902 684 2931 sermonis
707 2902 884 2937 scientiam,
901 2900 955 2939 [ut
977 2905 1007 2929 et
1032 2899 1138 2929 Graeci

445 2949 475 2974 te
502 2944 666 3027 L]atinum,
682 2950 713 2974 et
737 2944 844 2974 Latini
860 2948 890 2973 te
908 2943 1061 2973 Graecum
1078 2952 1136 2982 pu-

442 2992 517 3017 tent.

1223 1337 1237 1357 g
1265 1327 1294 1357 S.
1321 1327 1405 1366 Aug.
1448 1325 1521 1365 [ad]
1564 1324 1875 1365 Hieronym.—Ep.

1180 1371 1265 1400 xciii.
1289 1370 1371 1409 apud
1397 1369 1485 1399 Hier.
1514 1367 1607 1407 [tom.
1632 1369 1650 1398 i.
1676 1368 1734 1397 col.
1759 1367 1876 1399 727.—

1181 1413 1357 1443 Acerrimis
1402 1412 1547 1441 dolorum
1585 1410 1726 1440 stimulis
1763 1410 1873 1445 fodior,

1182 1456 1258 1485 dum
1276 1455 1379 1494 cogito
1394 1454 1477 1484 inter
1496 1464 1561 1489 vos,
1579 1454 1695 1492 quibus
1712 1452 1801 1482 Deus
1817 1452 1876 1481 hoc

1180 1498 1299 1538 ipsum,
1330 1497 1414 1537 quod
1445 1501 1579 1535 uterque
1609 1501 1750 1525 vestrum
1785 1494 1875 1534 [nos-

1182 1540 1284 1580 trum]
1318 1540 1448 1580 optavit,
1486 1539 1614 1578 largum
1651 1538 1878 1577 prolixumque

1183 1587 1392 1617 concesserat,
1404 1586 1439 1611 ut
1452 1581 1705 1620 conjunctissimi
1720 1579 1766 1619 [et
1783 1580 1876 1609 fami-

1182 1625 1363 1664 liarissimi]
1389 1624 1486 1653 mella
1511 1624 1540 1653 S.
1560 1624 1794 1663 Scripturarum
1820 1633 1876 1661 pa-

1183 1669 1261 1697 riter
1283 1667 1474 1701 lamberetis,
1500 1665 1575 1703 (sic)
1602 1670 1697 1695 tantae
1722 1665 1876 1694 amaritu-

1185 1711 1267 1739 dinis
1282 1710 1446 1749 irrepsisse
1461 1708 1631 1748 perniciem
1644 1721 1650 1742 3
1677 1708 1734 1737 &c.

1230 1752 1243 1772 ¹¹
1269 1752 1414 1781 Gennad.
1440 1751 1478 1780 de
1502 1751 1614 1789 Script.
1640 1750 1764 1779 Eceles.
1792 1748 1878 1789 [cap.

1190 1795 1237 1826 17.
1262 1806 1309 1834 ap.
1336 1794 1443 1824 Miraei
1468 1793 1618 1823 Biblioth.
1639 1792 1728 1822 Eccl.
1755 1803 1784 1831 p.
1808 1791 1877 1831 45]

1190 1838 1352 1872 Ruffinus,
1366 1836 1564 1875 Aquiliensis
1575 1835 1731 1865 Ecclesiae
1747 1836 1879 1874 presby-

1188 1886 1246 1916 ter,
1270 1890 1334 1909 11011
1358 1880 1495 1909 minima
1522 1889 1595 1918 pars
1626 1878 1686 1907 fuit
1716 1878 1880 1907 doctorum

1189 1922 1358 1958 Ecclesiae,
1373 1927 1403 1951 et
1418 1923 1450 1951 in
1471 1921 1688 1950 transferendo
1711 1921 1748 1949 de
1767 1920 1882 1949 Graeco

1189 1966 1220 1995 in
1240 1965 1395 1994 Latinum
1419 1964 1548 2003 elegans
1569 1963 1735 2002 ingenium
1759 1962 1883 1991 habuit.

1192 2007 1387 2047 [Denique,]
1414 2007 1555 2036 maxima
1578 2010 1665 2045 parte
1691 2005 1881 2034 Graecorum

1189 2050 1413 2080 bibliothecam
1439 2049 1564 2078 Latinis
1583 2048 1738 2084 exhibuit,
1756 2047 1881 2083 Basilii,

1190 2092 1340 2132 [scilicet,
1359 2091 1566 2121 Caesariensis
1583 2090 1793 2130 Cappadociae
1815 2090 1882 2129 epi-

1190 2135 1305 2175 scopi,]
1326 2135 1472 2173 Gregorii
1487 2133 1689 2164 Nazianzeni
1714 2132 1881 2172 [eloquen-

1190 2179 1307 2207 tissimi
1344 2177 1496 2213 hominis,
1528 2176 1704 2206 Clementis
1743 2175 1884 2205 Romani

1190 2221 1459 2260 Recognitionum
1484 2220 1588 2255 libros,
1614 2218 1747 2248 Eusebii
1774 2218 1883 2247 (36653,-

1189 2264 1301 2293 riensis
1325 2263 1509 2292 Palaestinae
1535 2261 1797 2291 Ecclesiasticam
1818 2260 1882 2289 1115-

1188 2306 1311 2341 toriam,
1333 2306 1431 2344 Xysti
1453 2304 1634 2340 sententias,
1659 2303 1790 2342 Evagrii
1814 2313 1884 2332 sen-

1190 2349 1315 2378 tentias.
1364 2348 1596 2386 InterJnetatus
1617 2351 1665 2375 est
1690 2346 1785 2375 etiam
1813 2355 1884 2374 sen-

1191 2391 1307 2420 tentias
1339 2390 1501 2428 Pamphili
1531 2389 1679 2428 martyris
1717 2395 1885 2417 adversum

1192 2432 1444 2462 mathematicos.
1492 2432 1618 2460 Horum
1635 2431 1777 2459 011111111111
1796 2440 1884 2468 quae-

1193 2484 1328 2513 cunque,
1346 2474 1521 2513 praemissis
1546 2473 1697 2512 prologis,
1718 2483 1736 2501 a
1759 2472 1885 2501 Latinis

1192 2517 1355 2555 leguntur,
1372 2526 1389 2544 a
1413 2516 1545 2544 Ruffino
1563 2516 1767 2554 interpretata
1791 2519 1883 2543 sunt:

1193 2569 1264 2598 quae
1289 2563 1396 2587 autem
1420 2562 1495 2586 sunt
1519 2557 1585 2586 sine
1608 2557 1749 2596 prologo,
1767 2556 1804 2585 ab
1821 2557 1883 2586 alio

1192 2600 1344 2631 translata
1373 2605 1457 2635 sunt,
1489 2600 1543 2638 qui
1581 2599 1749 2638 prologum
1784 2599 1886 2628 facere

1193 2643 1305 2673 noluit.
1367 2642 1516 2681 Origenis
1546 2646 1653 2671 autem
1683 2651 1746 2670 11011
1780 2642 1887 2670 onmia

1196 2686 1287 2725 (quia
1310 2689 1341 2714 et
1357 2685 1574 2724 Hieronymus
1591 2682 1769 2722 aliquanta)
1786 2688 1887 2712 trans-

1194 2729 1277 2763 tulit,
1301 2738 1372 2766 quae
1397 2737 1453 2756 suo
1476 2726 1607 2766 prologo
1631 2725 1882 2765 discernuntur.]

1196 2771 1327 2810 Proprio
1351 2774 1457 2799 autem
1483 2770 1598 2804 labore,
1614 2769 1679 2798 imo
1695 2769 1795 2807 gratia
1812 2768 1886 2805 Dei,

1195 2818 1226 2843 et
1263 2814 1355 2848 dono,
1387 2812 1533 2851 exposuit
1576 2810 1694 2850 [idem]
1736 2811 1888 2840 Ruffinus

1196 2855 1389 2895 symbolum,
1420 2859 1456 2883 ut
1484 2855 1516 2883 111
1548 2855 1616 2893 ejus
1654 2854 1888 2892 comparatione

1197 2898 1251 2928 alii
1266 2908 1323 2927 nec
1339 2897 1522 2936 exposuisse
1538 2897 1715 2925 credantur.
1759 2895 1886 2934 [Disse-

1196 2941 1261 2970 ruit
1277 2945 1307 2969 et
1325 2940 1577 2969 benedictionem
1592 2939 1691 2968 Jacob
1715 2948 1809 2978 super
1824 2938 1885 2967 Pa-

1198 2983 1351 3013 triarchas
1388 2982 1517 3022 triplici,
1548 2982 1596 3021 (id
1634 2987 1693 3019 est,
1725 2981 1888 3017 historico,
