1987 3244
465 240 522 266 AN
544 240 748 268 ADDITION
770 241 820 268 or
842 241 1021 269 CERTAIN
1042 243 1328 273 'rnsrnuoNffls
1486 236 1624 277 xxxvii

165 330 487 386 doctrinamque
509 333 628 374 Fidei
649 348 700 374 ex
721 348 792 375 ore
813 335 919 390 Ejus
942 335 1179 387 audientes,
1200 338 1440 392 Scripturas
1465 341 1623 395 [Evan-

165 405 341 461 gelicas]
366 407 650 449 tradiderunt.

165 515 311 550 Germ-d.
327 517 410 551 Joh.
428 518 584 559 Vossius,
597 519 691 564 praef.
709 520 745 553 in
764 520 934 555 dissertat.
954 521 996 556 (le
1014 524 1149 567 geneal.
1168 524 1310 559 Christi.
1362 526 1464 571 [This
1483 526 1624 561 Presace

211 574 240 607 is
264 580 326 608 not
348 575 458 609 found
487 577 523 610 in
549 577 608 610 the
633 578 742 611 works
769 579 809 611 of
832 578 989 620 Vossius,
1014 581 1066 615 ed.
1093 582 1281 615 Amstelod.
1312 586 1410 626 1701,
1433 584 1545 618 where
1573 585 1624 628 (in

210 638 293 666 tom.
327 634 385 677 vi.)
418 635 476 668 the
509 635 729 670 dissertation
763 649 882 671 occurs
910 639 1057 673 without
1088 640 1146 674 the
1178 641 1453 685 presace.—Vid.
1480 643 1627 677 Gerardi

210 690 316 724 Joan.
335 691 451 725 Vossii
475 693 660 728 Dissertat.
680 694 833 737 Gemin,
852 695 905 729 ed.
922 696 1113 731 Amstelod.
1136 700 1246 739 16433
1274 700 1406 744 praesat.
1429 700 1474 733 ad
1497 700 1626 736 Albert.

212 747 378 792 Conmd„
395 750 449 783 &c
453 776 567 784 .....
586 751 900 787 Amstelodamens.
919 753 1018 799 Reip.
1038 755 1194 799 Consul]

223 828 351 870 Unde
386 829 526 883 potius
567 831 731 873 codices
772 846 854 882 eos,
885 833 956 886 qui
997 848 1204 876 canonem
1238 836 1467 890 Scripturae
1498 839 1626 879 confi-

163 901 295 952 ciunt,
331 902 652 958 [constituunt,]
681 920 705 946 a
734 906 956 960 Prophetis
982 922 1072 949 esse
1100 913 1142 950 et
1172 909 1389 963 Apostolis
1420 912 1627 965 profectos

162 975 400 1029 colligatur,
423 992 551 1030 quam
573 979 699 1032 quod,
722 979 848 1021 sicuti
875 981 988 1034 apud
1013 982 1208 1024 nationes
1229 984 1425 1037 lampada
1445 985 1516 1025 alii
1537 986 1628 1026 aliis

163 1049 337 1100 dabant,
369 1082 377 1091 .
410 1082 418 1091 .
449 1082 457 1091 .
488 1083 497 1093 .
525 1052 599 1103 ita,
631 1053 843 1108 longeque
879 1055 1048 1106 certius,
1082 1057 1283 1108 Ecclesia,
1316 1058 1451 1099 fidelis
1490 1059 1627 1112 Scrip-

160 1127 356 1164 turarum
384 1129 540 1177 eustos,
568 1126 646 1167 has
675 1127 798 1181 ipsas,
829 1129 948 1182 quasi
976 1129 1028 1170 de
1058 1145 1190 1171 manu
1222 1131 1267 1171 in
1300 1146 1464 1182 manUS,
1496 1133 1626 1173 tradi-

161 1197 271 1238 derit
301 1198 456 1240 nobis?
516 1199 610 1241 Nec
642 1215 691 1242 eo
722 1202 881 1243 offendi
911 1203 1061 1256 aliquis
1092 1204 1232 1255 debet,
1259 1205 1371 1258 quod
1402 1205 1453 1246 de
1487 1205 1625 1259 Scrip-

159 1271 281 1322 turis,
303 1277 353 1314 ut
381 1273 891 1329 traditionibus,‘loquar;
925 1291 1020 1318 cum
1049 1277 1115 1318 hae
1144 1278 1190 1318 in
1220 1278 1283 1330 iis,
1314 1293 1407 1332 quae
1430 1280 1626 1333 Apostoli

159 1345 387 1398 tradidere,
408 1347 613 1389 familiam
634 1348 807 1390 ducant.

528 1515 598 1555 An
620 1515 749 1556 NUM.
774 1516 895 1567 XII„
920 1516 1068 1567 XIII.,
1092 1517 1262 1558 XLIII.

202 1610 301 1644 Viuc.
320 1609 728 1645 Liriu.—Commonitor.
746 1623 822 1656 cap.
843 1612 899 1651 iv„
917 1623 1011 1652 xxv„
1028 1613 1150 1646 xxxix.
1171 1614 1243 1657 [ap.
1263 1612 1426 1646 Galland.
1444 1620 1526 1648 tom.
1545 1627 1579 1648 x.

746 1680 778 1713 p.
801 1671 879 1710 103,
897 1674 931 1702 et
948 1668 1038 1713 seq.]

218 1747 434 1801 Quicquid
455 1762 542 1789 non
559 1762 682 1798 unuS,
698 1752 773 1789 aut
790 1748 874 1790 duo
892 1754 1077 1800 tantum,
1095 1749 1168 1790 sed
1185 1764 1334 1791 omnes
1352 1751 1521 1804 pariter,
1540 1767 1626 1795 uno

158 1822 392 1876 eodemque
406 1836 630 1873 consenSU,
646 1827 802 1876 aperte,
820 1823 1078 1877 frequenter,
1092 1825 1623 1879 perseverantersstenuisse,

159 1897 385 1951 scripsisse,
403 1897 595 1938 docuisse
617 1897 938 1951 cognoverimus
958 1896 1223 1952 [cognoverit
1249 1899 1564 1953 (Christianus‚)
1583 1901 1626 1940 id

158 1971 239 2011 sibi
275 1985 443 2025 quoque
473 1971 688 2024 intelligat
725 1971 884 2023 absque
919 1971 1007 2011 ulla
1043 1971 1312 2012 dubitatione
1348 1973 1625 2014 credendum.

164 2045 282 2099 (Cap.
320 2045 379 2085 iii.
416 2059 456 2098 p.
496 2042 918 2097 104.)]—Quicquid
965 2043 1261 2084 universaliter
1306 2045 1513 2085 traditum
1554 2046 1621 2095 sit,

163 2118 277 2171 quod
311 2117 483 2170 ubique,
513 2116 626 2169 quod
657 2130 833 2169 semper,
865 2115 978 2169 quod
1009 2115 1061 2156 ab
1097 2116 1295 2157 omnibus
1331 2118 1553 2168 creditum,
1579 2119 1623 2158 id

159 2206 235 2245 pro
256 2190 513 2240 indubitato,
527 2193 655 2239 certo,
672 2196 847 2242 ratoque
870 2189 1090 2230 habeatur.
1136 2190 1289 2243 [These
1312 2191 1469 2244 precise
1487 2192 1621 2232 words

158 2266 263 2306 have
284 2269 361 2305 not
382 2264 491 2304 been
512 2263 670 2313 found,
701 2262 780 2303 but
801 2263 914 2304 their
935 2263 1162 2304 substance
1178 2263 1212 2304 is
1229 2265 1455 2305 contained
1480 2265 1525 2305 in
1547 2266 1620 2306 the

159 2339 375 2391 following
388 2338 516 2378 :—In
543 2337 633 2391 ipsa
662 2337 765 2377 item
789 2337 1010 2378 Catholica
1040 2337 1229 2378 Ecclesia
1259 2353 1517 2392 magnopere
1549 2354 1619 2380 cu-

158 2412 342 2454 randum
364 2415 441 2462 est,
463 2415 513 2452 ut
534 2411 577 2451 id
597 2415 833 2462 teneamus,
849 2410 962 2464 quod
986 2411 1154 2464 ubique,
1178 2412 1290 2465 quod
1313 2427 1488 2466 semper,
1508 2414 1619 2467 quod

159 2487 211 2528 ab
241 2485 440 2527 omnibus
468 2484 678 2525 creditum
707 2489 784 2526 est.
848 2485 944 2525 Hoc
972 2488 1036 2525 est
1065 2485 1223 2525 etenim
1249 2500 1343 2526 vero
1370 2487 1618 2540 proprieque

159 2559 439 2601 Catholicum.
511 2557 636 2612 (Cap.
668 2558 711 2599 ii.
747 2573 788 2612 p.
823 2558 1275 2611 103.)—Credcndum
1311 2564 1388 2610 cst,
1420 2564 1467 2599 ut
1504 2561 1617 2613 quic-

160 2632 261 2687 quid
281 2633 345 2673 vel
367 2646 514 2673 omnes
535 2632 599 2672 vel
620 2632 761 2685 plures
786 2646 873 2672 uno
899 2631 1131 2684 eodemque
1160 2646 1286 2672 sensu
1310 2663 1455 2672 .....
1481 2633 1617 2672 firina-

156 2706 309 2756 verint,
342 2705 386 2747 id
422 2720 497 2759 pro
531 2705 787 2756 indubitato,
825 2709 954 2756 certo,
986 2709 1174 2758 ratoque,
1212 2705 1432 2747 habeatur.
1497 2708 1613 2759 (Cap.

156 2779 295 2821 xxviii.
319 2793 359 2833 p.
386 2778 540 2834 114.)].

217 2852 431 2906 Quicquid
462 2867 572 2902 vero,
603 2852 793 2906 quamvis
823 2852 894 2892 illc
928 2852 1111 2893 Sanctus
1148 2857 1190 2893 ct
1221 2853 1397 2903 Doctus,
1428 2853 1614 2905 quamvis

158 2927 406 2981 Episcopus,
430 2927 621 2980 quamvis
649 2926 875 2968 confessor
900 2930 942 2966 ct
971 2926 1154 2980 Martyr,
1181 2931 1333 2979 praetcr
1361 2940 1518 2974 onmes,
1543 2930 1615 2965 aut

158 2999 286 3040 etiam
323 3005 474 3041 contra
509 3014 656 3041 omnes
693 2999 882 3048 senserit,
914 2998 958 3039 id
992 2999 1105 3040 inter
1136 2999 1322 3052 proprias
1359 3004 1399 3038 et
1430 2999 1614 3038 occultas

217 3080 330 3101 cosm.
907 3070 933 3110 d
