1987 3244
437 248 521 287 150

864 248 904 287 Α
927 247 1200 288 Scholastical
1217 248 1389 299 History
1413 246 1461 299 os

243 355 268 385 C
282 355 314 386 H
327 354 403 386 ΑΡ-
434 351 547 392 tions
567 356 612 393 to
632 352 727 393 that
741 352 874 403 LXX,
890 352 994 393 both
1015 353 1108 393 that
1128 352 1243 392 third
1265 352 1312 392 of
1326 352 1483 393 Esdras
1505 352 1589 392 and
1610 352 1745 393 divers
1763 353 1884 394 other

434 418 566 460 books
587 420 750 461 besides
772 434 878 461 were
903 420 1090 461 received
1110 420 1202 461 into
1222 420 1268 469 it,
1292 420 1377 460 and
1398 420 1605 461 delivered
1626 434 1723 460 over
1743 426 1788 461 to
1808 421 1882 461 the

434 488 575 529 Greek
611 489 808 539 Church;
839 489 949 529 from
976 489 1114 529 whom
1146 489 1220 528 the
1248 488 1398 528 Latius
1431 489 1533 529 took
1567 489 1615 538 it,
1643 489 1726 528 and
1761 489 1883 529 made

430 570 506 596 use
537 556 584 596 of
609 557 664 597 all
693 557 814 597 those
845 556 1057 597 additions
1087 562 1132 596 to
1161 556 1209 606 it,
1231 556 1332 609 long
1362 555 1505 597 before
1535 556 1621 597 this
1652 557 1819 597 council
1841 557 1889 597 of

433 623 645 677 Carthage
679 628 767 664 met
802 624 1011 676 together,
1049 623 1134 663 and
1169 623 1272 663 took
1307 623 1430 664 order
1464 623 1559 664 that
1594 637 1710 664 more
1751 623 1884 664 books

433 691 540 731 than
569 691 688 731 these
719 691 872 731 should
903 695 979 731 not
1009 690 1061 731 be
1093 690 1281 744 publicly
1308 691 1409 731 read
1444 691 1490 731 in
1519 691 1631 731 their
1662 690 1880 731 churches.

434 758 491 799 In
525 773 640 799 some
675 759 796 799 other
830 759 968 812 places
1004 759 1106 812 they
1142 758 1265 799 made
1296 759 1409 798 their
1442 772 1517 799 use
1550 759 1597 799 of
1632 758 1706 799 the
1735 758 1885 810 fourth

434 826 547 866 book
577 827 623 867 of
645 826 800 867 Esdras
829 827 913 867 and
941 826 1021 876 all;
1049 826 1186 866 which
1216 840 1277 866 we
1307 826 1396 866 find
1427 826 1538 866 cited
1568 826 1625 878 by
1654 825 1728 866 the
1758 826 1885 865 Latin

434 894 652 944 Fathersk‚
675 908 719 934 as
748 908 809 934 we
838 894 890 934 do
922 894 996 934 the
1028 895 1143 934 third
1169 893 1226 947 by
1247 893 1320 934 the
1345 892 1501 934 Greek¹
1524 894 1608 933 and
1639 893 1712 933 the
1734 893 1885 933 Latins

435 961 563 1001 both:
595 961 761 1014 though
782 962 949 1002 neither
969 962 1016 1003 of
1040 962 1159 1002 them
1189 975 1285 1002 ever
1315 961 1437 1002 made
1469 961 1573 1001 such
1603 960 1736 1001 books
1757 964 1801 1001 to
1832 960 1885 1000 be

436 1029 484 1068 of
507 1028 631 1081 equal
658 1029 874 1083 authority
895 1029 996 1069 with
1020 1029 1141 1069 those
1166 1028 1303 1069 which
1331 1029 1434 1082 they
1454 1028 1644 1069 received
1674 1028 1783 1068 from
1810 1028 1884 1068 the

437 1095 641 1135 Hebrews
663 1096 850 1150 through
870 1097 944 1137 the
964 1097 1100 1137 hands
1121 1097 1168 1137 of
1183 1096 1326 1137 Christ
1348 1096 1432 1137 and
1454 1097 1534 1137 His
1556 1096 1655 1149 holy
1672 1096 1882 1149 Apostles,

434 1162 513 1203 but
540 1163 643 1216 kept
662 1164 781 1204 them
812 1164 858 1204 in
879 1179 903 1204 a
931 1165 1057 1205 lower
1086 1165 1195 1205 rank
1225 1165 1281 1218 by
1301 1164 1600 1214 themselvesm,
1624 1177 1667 1204 as
1688 1177 1749 1203 we
1779 1163 1884 1203 have

278 398 359 428 VII.

479 1262 492 1281 ¹¹
517 1263 547 1294 S.
571 1262 696 1301 Ambr„
718 1263 772 1293 lib.
801 1264 852 1294 De
876 1264 966 1293 Bono
998 1264 1125 1301 Mortis,

438 1304 545 1346 [capp.
566 1306 614 1343 10,
632 1307 681 1336 11.
704 1310 779 1336 tom.
796 1307 817 1336 i.
844 1306 904 1336 col.
921 1306 995 1342 407,
1010 1308 1127 1336 410.—

435 1350 450 1385 §
467 1350 517 1378 45.
544 1348 739 1378 Animarum
754 1354 862 1379 autem
879 1349 1042 1389 superiora
1057 1358 1127 1378 esse

434 1390 626 1427 habitacula,
641 1391 813 1431 Scripturae
830 1391 1020 1421 testimoniis
1035 1391 1128 1421 valde

434 1433 594 1472 probatur,
619 1434 777 1472 siquidem
801 1439 831 1464 et
853 1433 885 1463 111
903 1434 1016 1464 Esdrae
1038 1434 1128 1463 libris

434 1475 593 1513 legimus:
631 1475 665 1514 (4
691 1477 805 1506 Esdrae
830 1477 884 1506 vii.
910 1476 977 1515 32.)
1008 1478 1015 1491 ⁴
1032 1476 1129 1512 Quia,

435 1527 509 1547 cum
533 1519 655 1548 venerit
667 1518 788 1548 Judicii
811 1518 900 1554 Dies,
916 1519 1026 1548 reddet
1048 1523 1130 1548 terra

435 1560 661 1590 defunctorum
693 1563 850 1600 corpora?
879 1562 936 1590 &c.
962 1583 991 1591 ..
1010 1584 1017 1591 .
1034 1583 1040 1590 .
1068 1561 1130 1591 Sed

436 1602 549 1632 Esdrae
572 1613 651 1632 usus
674 1613 746 1632 511111
770 1603 906 1643 scriptis,
930 1607 966 1632 ut
992 1613 1126 1642 cognos-

434 1649 508 1674 cant
531 1645 676 1675 Gentiles
697 1656 745 1681 ea,
767 1655 839 1684 quae
861 1646 894 1674 in
916 1645 1126 1685 philosophiae

433 1686 523 1716 libris
552 1688 721 1724 mirantur,
749 1688 903 1717 translata
933 1687 971 1717 de
1001 1688 1126 1717 nostris.

434 1751 441 1758 .
456 1751 463 1758 .
475 1751 482 1759 .
495 1752 501 1759 .
520 1731 534 1768 ξ
553 1730 605 1759 51.
630 1730 713 1760 Quis
728 1730 840 1769 utique
855 1730 1126 1769 prior,—Esdras,

435 1781 478 1800 an
505 1772 614 1802 Plato?
650 1771 736 1801 Nam
762 1772 883 1802 Paulus
910 1772 1036 1807 Esdrae,
1064 1782 1127 1801 non

437 1813 592 1851 Platonis,
622 1819 750 1844 secutus
780 1819 827 1844 est
849 1815 944 1844 dicta.
1004 1815 1128 1844 Esdras

434 1856 596 1893 revelavit,
627 1857 803 1886 secundum
840 1857 989 1886 collatam
1026 1857 1058 1886 in
1096 1866 1128 1886 se

433 1898 672 1936 revelationem,
684 1899 789 1937 justos
805 1909 878 1929 cum
895 1899 1023 1928 Christo
1038 1899 1125 1928 futu-

434 1949 495 1976 rOS,
523 1941 648 1970 futuros
678 1951 752 1971 cum
784 1941 918 1971 Sanctis.
981 1941 1067 1970 Hinc
1097 1945 1128 1971 et

437 1982 581 2012 Socrates
597 1983 652 2012 ille
667 1983 816 2013 festinare
840 1994 872 2013 se
896 1983 973 2013 dicit
994 1984 1033 2013 ad
1055 1983 1127 2013 illos

435 2035 508 2054 suos
539 2026 625 2062 deos,
654 2026 694 2055 ad
727 2026 801 2055 illos
838 2026 976 2066 optimos
1012 2025 1124 2065 viros]

434 2066 479 2096 Et
495 2067 548 2098 lib.
564 2068 596 2098 ii.
611 2069 643 2097 in
658 2068 792 2104 Lucam,
809 2067 902 2107 [toni.
919 2068 939 2098 i.
957 2068 1015 2098 col.
1035 2069 1125 2098 1292.

434 2110 489 2138 ubi
505 2110 622 2140 citatur
637 2112 657 2140 4
674 2111 788 2140 Esdrae
804 2111 856 2141 vii.
875 2110 1030 2150 28-30.]
1078 2111 1126 2140 Ac

433 2151 467 2180 in
485 2152 546 2191 Ep.
564 2152 628 2183 xxi.
647 2153 686 2182 ad
711 2153 935 2190 Horatianum,
951 2152 1032 2192 [nov.
1050 2155 1125 2187 ord„

435 2193 496 2233 Ep.
515 2194 622 2225 xxxiv.
648 2197 662 2232 ἓ
680 2197 707 2226 2.
733 2200 808 2225 tom.
825 2196 857 2224 ii.
881 2195 939 2225 col.
958 2195 1127 2226 922.—De

434 2245 496 2274 quo
520 2236 577 2265 tibi
594 2237 706 2266 Esdrae
729 2237 848 2267 librum
863 2238 1035 2277 legendum
1053 2248 1125 2268 sua-

434 2277 595 2308 deo.—To
614 2279 717 2308 which
738 2280 765 2308 is
780 2280 881 2309 added
897 2281 950 2309 the
966 2280 1127 2319 following

433 2324 523 2349 note:
550 2320 665 2349 ‘Liber
688 2322 708 2350 4
731 2321 844 2350 Esdrae
868 2322 928 2352 hoc
950 2322 1021 2351 loco
1044 2323 1125 2352 indi-

434 2366 534 2397 catur,
552 2362 590 2392 de
616 2363 708 2401 cujus
733 2364 922 2393 auctoritate
946 2369 1054 2393 actum
1078 2375 1125 2394 re-

434 2403 535 2443 peries
556 2405 588 2434 in
614 2404 779 2434 Admonit.
807 2405 845 2434 ad
874 2406 929 2435 lib.
956 2406 1006 2435 De
1036 2406 1126 2435 Bono

434 2446 579 2486 Mortis.]
627 2447 658 2477 S.
671 2447 770 2487 Cypr.
787 2447 848 2486 Ep.
858 2447 956 2477 lxxiv.
974 2448 1013 2477 ad
1029 2448 1124 2477 Porn—

433 2489 552 2528 peium,
601 2493 632 2518 et
676 2490 826 2519 adversus
872 2490 1125 2520 Demetriannm.

435 2530 526 2569 [Vid.
553 2542 582 2571 p.
613 2532 864 2571 215.—Propter
894 2533 988 2571 quod,
1017 2532 1126 2562 relicto

432 2583 545 2610 errore,
577 2584 749 2613 sequamur
784 2574 961 2611 veritatem,
992 2575 1127 2604 scientes

433 2615 509 2654 quia
526 2620 556 2645 et
570 2618 653 2655 apud
663 2617 802 2646 Esdram
818 2617 932 2647 veritas
946 2617 1032 2653 vicit,
1044 2617 1126 2646 sicut

434 2658 590 2697 scriptum
619 2664 680 2689 est:
705 2662 712 2674 ‘
731 2659 854 2689 Veritas
876 2664 993 2695 manet,
1018 2664 1049 2688 et
1075 2659 1123 2688 in-

433 2700 566 2730 valescit
581 2701 613 2729 in
631 2706 795 2738 aeternum,
814 2707 844 2732 et
859 2702 946 2737 vivit,
959 2706 989 2731 et
1005 2702 1126 2731 obtinet

434 2741 468 2771 in
484 2743 591 2772 secula
612 2744 815 2774 seculorum!
863 2745 880 2774 3
898 2745 991 2774 Esdr.
1011 2744 1056 2774 iii.
1076 2745 1124 2781 12,

436 2788 467 2814 et
482 2785 522 2815 iv.
541 2787 580 2814 38
596 2798 602 2820 ;
627 2791 663 2816 ut
679 2797 762 2826 supr.
780 2797 809 2826 p.
826 2788 879 2823 45,
894 2792 957 2817 not.
976 2787 1015 2816 ad
1031 2787 1077 2816 lit.
1095 2797 1124 2825 g.

435 2826 547 2857 —But
583 2828 612 2856 if
639 2829 703 2858 this
738 2829 777 2858 be
806 2830 860 2859 the
890 2839 1023 2869 passage
1052 2829 1128 2858 here

436 2869 565 2899 alluded
581 2874 624 2907 to,
641 2871 695 2900 the
709 2872 866 2901 reference
879 2872 1011 2911 belongs
1028 2875 1058 2901 to
1076 2872 1126 2901 the

432 2910 596 2951 following
632 2914 853 2943 note—Cous.
893 2914 1044 2944 Bellarm.
1077 2914 1127 2944 De

434 2953 539 2983 Verbo
556 2954 628 2990 Dei,
645 2956 697 2985 lib.
715 2956 733 2985 i.
759 2966 825 2995 cap.
845 2958 894 2986 20.
917 2962 992 2986 sect.
1009 2956 1054 2986 At
1070 2957 1128 2993 de;

436 2996 490 3025 ubi
507 3007 594 3037 supr.
610 3009 639 3038 p.
661 2997 728 3034 147,
747 3003 810 3028 not.
828 3000 867 3028 ad
885 2999 929 3028 lit.
947 2999 994 3038 z.]

1228 1267 1234 1287 l
1262 1264 1292 1293 S.
1304 1264 1422 1294 Athan.
1441 1263 1528 1292 Orat.
1546 1263 1590 1292 iii.
1608 1267 1718 1293 contra
1734 1262 1882 1299 Arianos,

1188 1305 1244 1345 [al.
1272 1306 1360 1335 Orat.
1384 1306 1416 1336 ii.
1441 1310 1519 1335 tom.
1535 1305 1554 1334 i.
1574 1315 1604 1344 p.
1625 1303 1883 1344 488.-κατάπερ

1186 1347 1236 1379 καὶ
1260 1346 1446 1387 Ζοροβάβελ
1467 1349 1483 1377 ὁ
1506 1347 1605 1386 σοφὸς
1628 1347 1729 1385 λέγει·
1752 1348 1840 1377 πᾶσα
1863 1347 1883 1383 ἡ

1185 1391 1229 1429 γῆ
1253 1390 1313 1426 τὴν
1337 1389 1486 1426 ἀλήθειαν
1510 1388 1608 1420 κάλει·
1637 1389 1687 1419 καὶ
1714 1390 1730 1419 ὁ
1756 1389 1882 1428 οὐρανὸς

1187 1432 1286 1469 αὐτὴν
1299 1433 1436 1470 εὐλογεΐ·
1460 1432 1510 1462 καὶ
1533 1431 1636 1462 πάντα.
1658 1432 1699 1462 τὰ
1722 1431 1799 1471 ἔργα
1815 1431 1880 1462 σεί-

1189 1487 1255 1505 εται
1280 1475 1330 1505 καὶ
1353 1474 1467 1513 τρέμει.
1496 1476 1513 1504 3
1539 1475 1632 1504 Esdr.
1656 1474 1697 1504 iv.
1723 1474 1790 1514 36.]
1840 1474 1884 1504 Et

1190 1517 1292 1547 Clem.
1311 1518 1416 1553 Alex„
1430 1518 1485 1548 lib.
1503 1517 1534 1547 ii.
1582 1517 1697 1546 Strom.
1718 1516 1807 1556 [Vid.
1825 1516 1878 1546 lib.

1188 1560 1232 1590 iii.
1258 1562 1272 1598 ξ
1302 1561 1348 1589 16.
1374 1566 1450 1591 tom.
1475 1560 1494 1589 i.
1520 1570 1552 1599 p.
1575 1560 1743 1589 556—51&
1766 1558 1799 1589 τί
1820 1558 1883 1597 ’γὰρ

1189 1603 1244 1632 οὐκ
1269 1601 1396 1640 ἐγένετο
1427 1602 1444 1639 ἡ
1466 1601 1569 1641 μήτρα
1598 1603 1655 1638 τῆς
1684 1600 1799 1639 μητρός
1822 1613 1882 1638 μου

1185 1642 1303 1683 τάφος;
1343 1656 1370 1674 κ.
1385 1656 1412 1674 τ.
1424 1650 1454 1674 λ.
1510 1644 1645 1683 ’Ἔσδρας
1673 1645 1689 1673 ὁ
1718 1643 1880 1683 προφήτης

1185 1686 1285 1723 λέγει.
1309 1688 1329 1716 4
1353 1687 1449 1716 Esdr.
1473 1697 1503 1716 v.
1528 1686 1692 1716 35.—But
1727 1696 1767 1715 no
1800 1685 1879 1715 cita-

1186 1729 1252 1758 tion
1282 1729 1317 1758 of
1341 1730 1359 1758 3
1391 1729 1484 1758 Esdr.
1519 1729 1576 1757 has
1604 1729 1684 1758 been
1711 1728 1809 1757 found
1847 1728 1880 1757 in

1187 1770 1289 1801 Clem.
1318 1771 1518 1800 Alex.—See
1540 1776 1613 1800 note
1644 1771 1675 1806 11,
1707 1775 1738 1800 at
1768 1781 1798 1809 p.
1826 1771 1878 1807 45,

1185 1813 1247 1842 and
1264 1818 1335 1842 note
1352 1824 1379 1849 o,
1391 1817 1423 1842 at
1434 1824 1465 1852 p.
1483 1812 1572 1851 120.]
1599 1813 1706 1849 Basil„
1720 1813 1753 1842 in
1765 1812 1826 1852 Ep.
1840 1813 1881 1842 ad

1187 1855 1364 1885 Chilonem.
1392 1854 1486 1895 [Vid.
1511 1860 1586 1884 tom.
1613 1855 1657 1884 iii.
1682 1865 1710 1894 p.
1730 1855 1758 1890 7,
1776 1855 1880 1884 where

1184 1898 1344 1928 reference
1374 1898 1401 1927 is
1437 1897 1529 1927 made
1560 1902 1591 1927 to
1618 1897 1670 1927 the
1698 1897 1822 1936 subject
1849 1897 1886 1926 of

1184 1941 1205 1968 4
1222 1940 1314 1970 Esdr.
1333 1940 1396 1970 xiv,
1414 1942 1465 1976 22,
1482 1941 1551 1975 δια,
1577 1940 1632 1969 but
1655 1949 1695 1968 no
1720 1940 1879 1968 reference

1185 1986 1216 2012 to
1233 1984 1251 2012 3
1269 1983 1362 2012 Esdr.
1380 1981 1520 2021 occurs]
1554 1982 1677 2011 Auctor
1698 1982 1799 2021 operis
1816 1982 1877 2010 im-

1184 2025 1327 2064 perfecti,
1357 2025 1454 2054 Hom.
1482 2025 1502 2054 i.
1525 2024 1557 2053 in
1586 2024 1701 2054 Matth.
1731 2023 1835 2063 [citat.
1861 2034 1879 2053 a

1186 2067 1335 2097 Bellarm.
1356 2067 1406 2096 De
1420 2067 1526 2096 Verbo
1545 2066 1615 2102 Dei,
1633 2067 1686 2096 lib.
1703 2066 1723 2095 i.
1741 2074 1807 2106 cap.
1827 2067 1878 2095 20.

1184 2114 1258 2139 torn.
1283 2110 1303 2140 i.
1330 2110 1387 2139 col.
1413 2109 1581 2139 80.—Vid.
1607 2119 1636 2148 p.
1664 2109 1733 2145 147,
1758 2113 1822 2138 not.
1840 2109 1879 2138 ad

1184 2152 1229 2181 lit.
1248 2151 1295 2191 z.]
1315 2152 1344 2181 S.
1356 2152 1439 2191 Aug.
1456 2152 1510 2181 lib.
1525 2151 1612 2182 xviii.
1632 2151 1680 2180 De
1699 2151 1792 2180 Civit.
1806 2151 1879 2187 Dei,

1184 2205 1251 2234 cap.
1277 2196 1325 2224 36.
1354 2194 1448 2233 [tom.
1471 2195 1523 2223 vii.
1547 2194 1605 2223 col.
1628 2193 1881 2232 ‹fla—Scripsit

1184 2238 1280 2266 etiarn
1297 2237 1425 2272 Esdras,
1443 2237 1498 2275 qui
1520 2237 1624 2275 magis
1647 2246 1752 2265 rerum
1772 2240 1876 2275 gesta-

1183 2289 1256 2308 rum
1281 2280 1422 2319 Scriptor
1445 2284 1491 2308 est
1513 2279 1651 2313 habitus,
1678 2288 1774 2317 quam
1799 2278 1877 2307 Pro-

1183 2322 1296 2360 pheta3
1330 2344 1337 2351 .
1355 2345 1361 2351 .
1380 2345 1387 2351 .
1408 2345 1414 2351 .
1437 2322 1497 2350 nisi
1524 2321 1603 2350 forte
1632 2321 1753 2350 Esdras
1782 2320 1816 2349 in
1843 2330 1878 2349 eo

1185 2364 1350 2393 Christum
1364 2364 1568 2403 prophetasse
1580 2363 1808 2402 intelligendus
1819 2366 1877 2398 est,

1184 2407 1277 2444 quod,
1316 2407 1398 2435 inter
1431 2407 1566 2445 juvenes
1609 2406 1763 2445 quosdam
1809 2409 1877 2434 orta

1183 2448 1371 2486 quaestione,
1388 2448 1463 2487 quid
1481 2448 1619 2487 amplius
1642 2447 1760 2477 valeret
1775 2447 1808 2476 in
1824 2457 1873 2476 re-

1182 2490 1253 2525 bu'S,
1285 2500 1358 2519 cum
1388 2500 1478 2528 reges
1509 2500 1593 2519 unus
1630 2490 1779 2523 dixisset;
1819 2490 1878 2519 διο.

1184 2531 1219 2570 (3
1237 2532 1330 2562 Esdr.
1346 2532 1400 2567 iii„
1418 2532 1475 2570 iv.)
1492 2536 1528 2561 ut
1551 2542 1657 2570 supra,
1674 2542 1702 2570 p.
1724 2530 1794 2566 147,
1812 2536 1876 2560 not.

1183 2574 1222 2603 ad
1237 2573 1282 2603 lit.
1302 2573 1348 2612 b.]

1226 2620 1253 2636 ¹1¹
1276 2616 1346 2645 Joh.
1363 2615 1490 2652 Driedo,
1506 2615 1540 2644 in
1558 2615 1657 2644 Catal.
1677 2614 1804 2654 Script.‚
1821 2614 1875 2644 lib.

1180 2658 1200 2688 i.
1227 2668 1294 2697 cap.
1312 2659 1340 2688 4.
1358 2658 1397 2687 ad.
1413 2657 1556 2687 difficult.
1573 2658 1601 2686 4.
1621 2657 1712 2696 [Vid.
1729 2656 1876 2687 diffieult.

1182 2701 1224 2730 xi.
1242 2701 1315 2740 Op„
1333 2706 1408 2730 tom.
1426 2700 1445 2729 i.
1463 2700 1515 2729 fol.
1534 2699 1602 2738 22.]
1651 2699 1741 2738 (SS.)
1760 2699 1877 2738 Cypri-

1182 2753 1272 2779 anus,
1309 2742 1509 2778 Ambrosius,
1548 2741 1718 2780 caeterique
1756 2742 1876 2778 Patres,

1182 2786 1281 2815 citant
1307 2785 1479 2815 sententias
1503 2794 1541 2814 ex
1569 2784 1648 2813 libro
1678 2784 1817 2818 Baruch,
1845 2790 1875 2813 et

1185 2827 1257 2867 [ex]
1275 2828 1366 2858 tertio
1389 2838 1425 2857 ac
1448 2832 1558 2866 quarto
1576 2827 1700 2861 Esdrae,
1717 2836 1781 2855 non
1803 2830 1874 2856 tan-

1183 2881 1281 2910 quam
1305 2880 1343 2899 ex
1369 2870 1539 2905 canonicis,
1569 2869 1622 2897 sed
1653 2874 1806 2908 tanquam
1837 2878 1875 2898 ex

1181 2912 1270 2942 libris
1296 2912 1530 2942 continentibus
1553 2912 1701 2950 dogmata
1726 2911 1874 2950 quaedam

1182 2955 1244 2995 pia,
1270 2954 1439 2994 [juvantia,
1471 2959 1502 2984 et
1530 2964 1593 2983 11011
1622 2953 1788 2989 contraria,
1820 2953 1875 2982 sed

1181 3008 1321 3028 consona
1336 2998 1442 3037 potius
1456 2997 1545 3026 Fidei
1560 2996 1702 3035 nostrae]
