1987 3244
349 231 466 271 XXXVi
651 242 709 270 AN
730 242 933 270 ADDITION
950 242 1000 270 OF
1022 242 1199 270 CERTAIN
1220 242 1506 269 TESTIMONIES.

356 342 620 396 [Manichaei,
639 357 764 396 quam
780 342 949 395 vocant]
967 341 1146 394 fundam
1156 342 1289 395 [enti,]
1314 356 1400 394 cap.
1421 342 1459 382 5.
1486 341 1608 395 [tom.
1626 340 1710 381 viii.
1729 341 1807 381 col.

351 415 602 469 154.]-Ibi
614 415 747 470 [dem]
792 415 906 456 enim
936 415 1171 455 Ecclesiam
1200 416 1330 456 sumit
1360 430 1436 468 pro
1466 415 1679 469 primitiva
1709 429 1808 455 con-

349 489 596 543 gregatione
618 489 806 530 fidelium
828 502 987 538 eorum,
1006 488 1077 541 qui
1095 488 1312 529 Christum
1333 488 1544 538 viderunt,
1567 488 1807 538 audierunt,

350 569 392 604 et
417 564 492 604 Sui
513 567 644 604 testes
666 563 917 604 extiterunt.

442 697 508 730 Th.
526 696 888 730 lVald.——Doctrinal.
908 696 1054 741 [Fidei‚]
1073 697 1132 729 lib.
1150 696 1185 729 ii.
1207 695 1288 740 [art.
1308 697 1360 740 ii.]
1381 708 1454 740 cap.
1473 699 1528 729 21.
1549 696 1599 741 [p.
1617 698 1715 741 201]

410 789 601 829 Sufficiat
625 821 632 829 .
659 821 667 829 .
693 821 701 830 .
727 820 735 830 .
761 787 1003 828 Universali
1023 788 1222 828 Ecclesiae
1250 802 1325 841 pro
1350 788 1561 841 praeconio
1586 789 1808 841 potestatis

350 877 437 903 suae
468 863 694 912 modernae,
726 862 838 916 quod
869 862 969 903 olim
1004 862 1083 902 hoc
1118 862 1278 902 fecerit.
1341 862 1469 902 Unde
1506 862 1639 914 gloria
1669 867 1808 915 potes-

349 937 450 976 tatis
472 937 574 990 ejus,
605 936 742 990 [quasi
764 950 838 990 per
859 936 1081 990 cujusdam
1102 935 1337 989 majestatis
1362 936 1622 989 imperium‚]
1651 936 1809 976 valeret

357 1010 552 1063 [volaret]
592 1010 645 1050 ad
680 1015 893 1063 posteros;
935 1010 994 1050 ita
1031 1010 1142 1063 quod
1176 1010 1314 1050 adhuc
1351 1009 1441 1049 sine
1479 1009 1606 1063 [ejus]
1649 1009 1809 1062 (primae

348 1083 563 1136 Ecclesiae)
609 1084 874 1132 auctoritate,
908 1085 1008 1136 (quce
1039 1088 1099 1123 est
1130 1084 1358 1124 auctoritas
1397 1083 1673 1135 Testzflcandz',
1703 1085 1810 1124 sicut

340 1160 488 1208 postea
510 1157 718 1209 eoeplz'cat)
746 1157 965 1210 Scriptura
993 1157 1133 1210 aliqua
1158 1171 1236 1198 nec
1261 1157 1344 1210 legi
1372 1157 1540 1211 poterit,
1563 1172 1641 1198 nec
1661 1158 1810 1198 haberi

348 1244 425 1283 pro
446 1234 573 1270 certa.
634 1231 691 1270 Et
719 1230 799 1270 hoc
825 1231 978 1283 sapuit,
1001 1244 1098 1270 cum
1125 1230 1284 1270 diceret
1308 1262 1488 1271 ......
1511 1231 1807 1284 Augustinus:

349 1304 575 1356 Evanyelio
596 1318 676 1344 non
693 1304 909 1353 crederem,
933 1308 996 1358 Effe.

407 1378 510 1418 Non
549 1378 661 1432 [Nec
696 1382 842 1418 tamen
880 1377 965 1431 hic]
1004 1378 1131 1418 laudo
1167 1378 1453 1431 supercilium,
1487 1378 1600 1432 quod
1638 1377 1810 1431 quidam

350 1452 567 1501 attollunt,
601 1451 789 1491 volentes
820 1452 1039 1491 occasione
1074 1451 1201 1504 hujus
1232 1452 1348 1491 Dictz'
1380 1451 1598 1491 decretum
1633 1452 1811 1491 Patrum

349 1524 395 1564 in
428 1523 617 1564 Ecclesia
646 1525 817 1577 majoris
850 1539 940 1564 esse
977 1525 1253 1575 auctoritatis,
1284 1525 1494 1574 culminis,
1525 1529 1566 1565 et
1599 1525 1810 1579 ponderis,

351 1611 478 1650 quam
507 1598 561 1637 sit
589 1598 819 1638 auctoritas
852 1598 1182 1651 Scripturarum.
1245 1599 1371 1640 Quod
1405 1599 1573 1651 quidem
1603 1614 1689 1639 non
1721 1605 1810 1640 tam

349 1671 517 1711 videtur
546 1672 753 1724 ineptum,
785 1686 912 1725 quam
945 1672 1136 1722 fatuum,-
1180 1672 1259 1711 nisi
1297 1672 1390 1725 quis
1421 1673 1517 1712 talis
1554 1672 1680 1723 dicat,
1710 1673 1809 1713 Phi-

349 1745 512 1798 lippum
534 1746 662 1785 fuisse
684 1746 889 1799 majorem
911 1746 1094 1795 Christo,
1118 1745 1287 1798 quando
1314 1745 1483 1785 induxit
1505 1746 1810 1787 Nathanielem

351 1819 404 1859 ad
432 1819 692 1859 credendum
716 1818 940 1859 Christum
968 1833 1057 1859 esse
1085 1819 1220 1869 illum,
1244 1833 1370 1872 quem
1398 1820 1564 1872 scripsit
1593 1821 1736 1861 Moses
1764 1821 1809 1861 in

350 1893 466 1946 Lege
497 1898 539 1933 et
570 1893 807 1946 Prophetis,
838 1893 928 1934 sine
960 1894 1080 1947 cujus
1112 1894 1365 1934 auctoritate
1397 1894 1672 1947 (testimonio)
1704 1899 1809 1935 tunc

350 1981 439 2007 non
471 1967 719 2007 advertisset
757 1966 1046 2020 [adverteret]
1113 1968 1183 2017 Et,
1215 1968 1249 2007 si
1286 1967 1357 2017 sic,
1381 1967 1492 2007 dicat
1521 1968 1808 2019 conformiter,

350 2045 548 2094 parentes
589 2045 757 2081 nostros
799 2041 988 2081 carnales
1030 2045 1103 2081 aut
1143 2040 1394 2094 paedagogos
1435 2055 1524 2082 esse
1560 2042 1730 2083 altiores
1767 2048 1811 2083 et

352 2113 654 2154 eminentiores
686 2114 856 2155 Christo
868 2131 879 2164 3
934 2115 1033 2168 quia
1064 2129 1209 2155 eorum
1243 2115 1497 2155 auctoritate
1531 2116 1805 2169 (testimonio)

352 2188 403 2228 ab
431 2187 614 2228 infantia
645 2187 883 2238 didicimus,
913 2188 1014 2242 quid
1046 2188 1097 2229 de
1127 2188 1297 2230 Christo
1325 2189 1380 2229 sit
1408 2189 1681 2240 credendum,
1708 2191 1809 2243 quid

352 2261 623 2314 sperandum.

398 2383 479 2416 Joh.
500 2383 643 2424 Driedo,
662 2384 704 2417 de
723 2385 817 2418 Eccl.
838 2384 962 2429 Script.
981 2391 1015 2418 et
1034 2386 1176 2429 Dogm.‚
1193 2386 1252 2419 lib.
1272 2387 1316 2419 iv.
1335 2398 1363 2419 c.
1382 2390 1415 2419 4.
1436 2388 1535 2430 [tom.
1552 2388 1574 2420 i.
1592 2387 1649 2420 fol.
1667 2387 1765 2429 240]

408 2474 677 2527 Augustinus
709 2479 865 2525 autem,
896 2489 993 2515 cum
1025 2475 1148 2515 dicit:
1192 2476 1325 2528 κΕρο
1356 2477 1582 2529 Evanyelz'o
1613 2491 1691 2517 non
1722 2491 1807 2518 cre-

352 2549 499 2597 derem,
535 2549 615 2587 nisi
655 2563 716 2588 me
756 2549 972 2589 Catholicoe
1002 2549 1198 2589 Ecclesiae
1233 2553 1497 2589 commoneret
1538 2552 1807 2602 auctoritas?

359 2622 423 2675 [S.
446 2622 573 2673 Aug„
597 2627 729 2662 contr.
759 2622 879 2676 epist.
914 2622 1156 2672 Manichaei,
1184 2637 1308 2675 quam
1341 2628 1492 2663 vocant
1522 2623 1806 2674 fundamenti,

351 2709 440 2748 cap.
470 2696 650 2749 5.—Op.
679 2701 782 2736 tom.
811 2696 894 2736 viii.
922 2696 999 2736 col.
1029 2696 1414 2750 l54.]-intelligit
1445 2697 1495 2737 de
1517 2697 1705 2738 Ecclesia
1726 2699 1806 2739 Ca-

350 2768 521 2818 tholica,
545 2784 637 2822 quae
664 2770 746 2809 fuit
773 2769 825 2810 ab
853 2770 976 2810 initio
1006 2770 1261 2811 Christianae
1288 2770 1420 2819 Fidei,
1447 2771 1682 2811 secundum
1714 2786 1806 2812 suc-

352 2842 583 2883 cessionem
622 2841 795 2897 [seriem
836 2843 1126 2897 successionis]
1170 2844 1488 2898 Episcoporum,
1521 2859 1712 2885 crescens
1753 2845 1807 2885 ad

350 2916 443 2957 haec
470 2930 603 2969 usque
634 2922 847 2970 tempora:
886 2932 979 2971 quae
1008 2931 1107 2957 sane
1136 2917 1326 2957 Ecclesia
1353 2918 1648 2971 complectitur
1681 2919 1805 2958 colle-

353 2990 471 3043 gium
492 2991 806 3043 Apostolorum,
829 2990 913 3044 qui,
938 2991 1156 3032 Christum
1182 2995 1223 3033 et
1251 2991 1455 3032 miracula
1474 2992 1578 3046 Ejus
1600 2992 1804 3042 videntes,
