1987 3244
315 236 460 278 xxxviii
614 247 670 275 AN
691 245 895 275 ADmTioN
917 245 967 274 or
990 244 1167 272 CERTAIN
1188 242 1475 272 Tsssrmomus.

318 342 609 398 (apocryphas)
643 345 685 382 et
713 341 897 395 privatas
929 339 1239 392 opiniunculas,
1262 351 1287 378 a
1307 334 1558 385 communis,
1579 332 1773 387 publicae,

316 430 364 457 ac
386 416 594 469 generalis
617 416 839 456 sententiae
862 412 1127 463 auctoritate,
1146 415 1357 453 secretum
1378 410 1444 451 sit.
1499 408 1621 463 [Cap.
1636 405 1774 447 xxviii.

318 505 356 543 p.
384 489 500 543 114]

375 564 567 617 Antiqua
599 563 854 603 Sanctorum
883 563 1063 603 Patrum
1098 558 1336 601 Consensio
1370 571 1459 598 non
1493 556 1541 597 in
1576 552 1776 595 omnibus

318 638 484 679 Divinae
515 637 643 689 Legis
675 636 1006 689 quaestiunculis,
1042 634 1114 675 sed
1147 634 1298 683 solum,
1334 636 1448 673 certe
1479 629 1703 684 praecipue,
1731 627 1777 666 in

319 711 439 752 Fidei
472 711 633 764 regula,
663 724 821 763 magno
851 710 974 751 nobis
1006 708 1148 750 studio
1189 706 1269 761 [et]
1304 703 1600 758 investiganda
1629 706 1706 752 est,
1735 705 1778 741 et

321 780 545 835 sequenda.
611 779 763 835 [Ibid.]

663 1000 733 1040 An
755 998 883 1040 NUM.
907 998 1106 1040 CXCIX.
1130 1010 1177 1038 IN
1200 997 1442 1038 MARGINE.

704 1133 810 1166 Conr.
829 1133 1021 1175 Horneius,
1038 1132 1080 1166 de
1098 1132 1203 1167 Sacra
1221 1132 1407 1177 Scriptura.

383 1230 629 1271 Consensus
670 1229 785 1270 enim
821 1229 1021 1270 Ecclesiae
1060 1243 1149 1270 non
1186 1236 1249 1270 est
1284 1228 1539 1282 principium
1575 1227 1782 1268 constitu-

321 1305 454 1346 tivum
490 1318 634 1345 rerum
670 1303 991 1353 credendarum,
1025 1302 1098 1343 sed
1134 1302 1473 1343 confirmativum
1509 1315 1583 1342 seu
1612 1300 1783 1341 robora-

321 1379 458 1419 tivum
498 1382 684 1418 tantum.
754 1377 907 1431 [These
947 1376 1083 1417 words
1123 1377 1229 1417 have
1276 1376 1452 1430 escaped
1494 1390 1518 1416 a
1556 1375 1659 1428 long
1700 1373 1785 1414 and

320 1452 499 1505 diligent
528 1451 849 1492 search.-Vid.
873 1455 1018 1491 autem
1047 1451 1232 1491 Conradi
1262 1450 1442 1491 Horneii
1470 1449 1542 1490 lib.
1568 1449 1620 1489 de
1644 1448 1784 1489 Sacris

320 1531 362 1567 et
404 1525 569 1566 Divinis
617 1524 861 1578 Scripturis,
907 1525 988 1578 (ed.
1034 1524 1357 1573 Helmaestadii,
1405 1524 1547 1577 1633.)
1612 1523 1717 1576 disp.
1755 1522 1783 1562 i.

325 1603 472 1653 quaest.
506 1601 545 1639 2.
583 1613 621 1652 p.
655 1598 897 1638 58.—Cum
938 1598 1053 1639 enim
1093 1612 1172 1639 nec
1207 1598 1398 1639 Ecclesia
1436 1598 1540 1651 ipsa,
1576 1611 1655 1637 nec
1696 1597 1785 1650 ejus

323 1671 569 1721 auctoritas,
597 1671 929 1711 fundamentum
960 1672 1080 1712 Fidei
1111 1685 1201 1712 esse
1231 1672 1409 1725 possint,
1441 1675 1651 1724 quatenus
1683 1670 1786 1710 talia

324 1749 446 1785 sunt:
493 1745 609 1797 (nam
640 1757 718 1784 nec
748 1744 950 1795 Ecclesia,
980 1749 1029 1785 ut
1060 1744 1260 1793 Ecclesia,
1289 1758 1370 1785 nec
1400 1743 1630 1785 auctoritas
1658 1743 1785 1783 ullius

324 1819 537 1869 Doctoris‚
565 1823 615 1859 ut
646 1822 709 1859 est
741 1818 972 1859 auctoritas
1003 1818 1113 1868 talis,
1144 1818 1361 1858 Revelatio
1392 1817 1483 1871 ipsa
1518 1821 1561 1857 et
1591 1816 1786 1857 Verbum

325 1893 407 1933 Dei
436 1896 561 1942 sunt3
594 1896 766 1945 propter
787 1892 900 1945 quod
927 1892 1064 1932 solum
1086 1896 1231 1932 tamen
1260 1890 1448 1932 creditur
1469 1890 1669 1944 quicquid
1697 1904 1785 1931 cre-

328 1966 457 2016 ditur,
478 1970 528 2006 ut
557 1979 684 2018 supra
709 1970 928 2006 ostensum
956 1970 1020 2005 est
1036 1965 1060 2018 z)
1094 1965 1156 2005 ita
1182 1969 1354 2018 propter
1377 1964 1578 2006 Ecclesiae
1605 1964 1785 2005 auctori-

325 2043 462 2079 tatem
498 2038 640 2079 omnia
676 2038 803 2088 credi,
834 2038 920 2078 imo
956 2037 1191 2078 Ecclesiam
1227 2037 1372 2088 solam,
1405 2041 1448 2078 et
1483 2038 1574 2091 ejus
1605 2037 1786 2078 auctori-

325 2117 474 2162 tatem,
496 2112 760 2166 primarium,
785 2112 1097 2162 immediatum,
1125 2116 1167 2152 et
1194 2111 1429 2152 universale
1456 2111 1787 2151 fundamentum

329 2186 450 2227 Fidei
492 2200 595 2235 esse,
628 2185 1239 2240 dxvpoxovofiow—Rursus:
1297 2185 1418 2238 (disp.
1450 2185 1534 2226 viii.
1568 2189 1713 2238 quaest.
1746 2186 1787 2225 2.

328 2274 368 2313 p.
404 2259 546 2310 1033.)
611 2257 757 2298 Quum
792 2258 838 2298 in
873 2258 1060 2299 Concilio
1097 2259 1226 2298 etiam
1263 2258 1505 2299 Universali
1539 2259 1671 2299 totius
1709 2259 1789 2299 Ec-

330 2331 468 2372 clesiae
499 2330 723 2370 definitum
755 2330 914 2382 aliquid
950 2336 1027 2381 est,
1059 2345 1147 2371 non
1182 2331 1276 2371 ideo
1306 2331 1349 2371 id
1386 2331 1658 2381 credendum,
1692 2331 1791 2384 quia

331 2405 390 2445 sic
414 2403 612 2458 Synodus
638 2407 712 2443 aut
733 2403 923 2443 Ecclesia
949 2404 1056 2444 illud
1077 2404 1254 2454 definiit,
1278 2404 1350 2444 sed
1377 2405 1475 2457 quia
1498 2404 1559 2444 ita
1578 2404 1625 2444 in
1645 2403 1789 2444 Verbo

334 2477 417 2518 Dei
437 2476 695 2527 continetur,
718 2481 758 2516 et
781 2476 975 2517 Christus
1007 2481 1134 2530 atque
1154 2477 1349 2530 Apostoli
1371 2477 1789 2517 docuerunt.—-Rur-

333 2564 403 2590 sus
417 2567 428 2589 .·
466 2549 582 2602 (ibid.
597 2563 637 2602 p.
656 2549 797 2602 1045.)
844 2549 1026 2590 Credere
1048 2564 1109 2600 ea,
1125 2564 1218 2604 quae
1239 2550 1427 2590 Ecclesia
1443 2564 1531 2590 non
1553 2550 1701 2601 sancit,
1716 2550 1790 2591 secl

334 2624 386 2664 ab
415 2623 630 2677 Apostolis
659 2627 830 2677 accepta
861 2623 996 2674 docet,
1024 2638 1113 2665 non
1143 2629 1207 2664 est
1235 2624 1404 2665 credere
1433 2624 1591 2677 aliquid
1617 2630 1789 2677 propter

334 2697 645 2747 auctoritatem,
683 2697 756 2737 sed
801 2697 1000 2751 (propter)
1044 2698 1338 2738 testimonium
1368 2702 1539 2738 tantum
1576 2698 1785 2738 Ecclesiae.

337 2801 517 2812 ......
542 2770 807 2823 Respmideo,
839 2771 1131 2812 testimonium
1167 2771 1286 2822 illud,
1320 2771 1433 2825 quod
1469 2771 1680 2824 primitiva
1709 2771 1789 2811 Ec-

335 2844 463 2884 clesia
497 2844 775 2893 concorditer,
807 2849 901 2884 tum
938 2845 988 2885 de
1027 2846 1069 2885 S.
1105 2845 1347 2898 Scripturis,
1379 2850 1470 2885 tum
1509 2844 1560 2885 de
1596 2844 1790 2884 doctrina

336 2918 469 2968 Fidei,
500 2917 706 2970 perhibet,
737 2918 826 2958 sinc
856 2919 972 2958 omni
1008 2918 1136 2960 dubio
1166 2923 1327 2959 certum
1359 2932 1406 2959 ac
1436 2918 1655 2958 infallibile
1686 2931 1788 2967 esse,

338 2994 380 3030 et
400 2989 591 3043 regulam
614 2989 742 3031 etiam
764 2990 917 3040 talem;
945 2995 987 3031 at
1010 3005 1096 3032 non
1117 2991 1384 3045 praecipuam,
1403 2991 1474 3032 sed
1497 2990 1788 3032 secundariam
