1987 3244
564 223 630 262 the
654 222 792 262 Canon
813 220 862 273 of
874 222 941 262 the
962 221 1207 273 Scriptures.

1533 218 1611 258 113

157 328 268 370 lived
289 333 365 370 not
385 329 488 383 long
514 329 622 370 after
641 329 759 370 them
782 328 900 370 both.
961 329 1134 379 Among
1162 326 1284 367 other
1311 326 1358 366 of
1379 325 1445 365 his
1474 325 1608 366 works

158 411 220 438 we
240 398 345 438 have
365 397 430 438 his
446 397 696 451 Exposition
718 397 765 438 of
780 397 854 438 the
871 396 1086 438 Christian
1109 394 1193 436 and
1209 393 1470 448 Apostolical
1488 393 1609 446 Sym·
1629 419 1662 422 —

164 465 234 506 bol
246 483 258 516 ς
292 465 428 507 which
449 466 503 507 he
525 465 597 506 did
619 480 664 507 so
685 465 790 516 well,
812 465 908 506 that
928 465 962 506 it
990 468 1064 518 got
1084 464 1158 505 the
1180 462 1460 517 approbation
1482 460 1611 501 above

160 533 216 574 all
238 533 380 575 others
401 534 494 575 that
515 534 600 575 had
620 534 729 575 been
751 534 922 575 written
948 547 1065 586 upon
1091 532 1125 573 it
1154 531 1269 572 afore
1290 531 1356 571 his
1377 530 1494 571 time.

1557 529 1613 569 In

158 602 243 642 this
275 602 447 643 treatise
477 602 532 643 he
562 602 818 643 numbereth
848 603 922 643 the
951 601 1085 642 books
1118 600 1165 641 of
1189 600 1263 640 the
1292 599 1375 640 Old
1398 598 1481 639 and
1503 597 1612 638 New

160 669 411 711 Testament
440 685 483 711 as
515 671 556 711 S.
573 670 748 712 Jerome
774 670 891 720 didi;
924 670 1009 711 and
1036 670 1109 710 the
1137 669 1270 710 books
1299 668 1347 709 of
1369 666 1507 714 Tobit,
1530 664 1560 705 J
1564 679 1611 705 u-

159 737 264 787 dith,
287 739 343 778 W
345 738 494 789 isdom,
517 739 851 788 Ecclesiasticus,
874 738 959 779 and
979 738 1052 779 the
1074 736 1339 786 Maccabeos,
1362 735 1416 775 he
1442 732 1612 775 exelud-

154 807 228 847 eth
255 808 364 848 from
394 808 468 848 the
499 822 636 849 canon
667 808 715 849 of
739 808 812 849 the
844 808 991 858 Bible3
1025 807 1080 848 all
1110 806 1157 846 in
1186 806 1261 847 the
1291 819 1431 855 name,
1464 807 1540 844 not
1571 802 1619 843 of

155 874 331 915 himself
353 876 466 930 only,
489 875 568 917 but
596 876 644 917 of
666 876 739 916 the
762 876 980 917 Churches
1005 875 1051 916 of
1073 875 1217 916 Christ
1239 874 1324 915 and
1345 874 1418 914 the
1441 872 1613 913 ancient

152 943 343 993 Fathers,
359 948 404 984 to
421 943 559 984 whom
581 944 654 984 the
675 944 893 985 canonieal
913 944 1045 984 books
1068 957 1175 984 were
1197 957 1242 984 so
1264 941 1488 983 delivered.
1532 941 1615 980 For

151 1010 206 1051 he
228 1011 373 1051 makes
395 1011 514 1052 three
537 1017 647 1053 sorts
668 1012 716 1053 of
731 1012 922 1066 writings
943 1012 990 1053 in
1010 1012 1084 1052 the
1106 1011 1316 1061 Churchk,
1335 1008 1613 1063 distinguish-

152 1078 228 1132 ing
258 1093 381 1133 every
412 1094 493 1121 one
524 1080 617 1122 into
648 1081 760 1122 their
792 1081 950 1122 several
973 1080 1057 1121 and
1078 1093 1230 1134 proper
1260 1079 1390 1128 class3
1422 1078 1496 1118 the
1522 1077 1613 1116 first

152 1147 384 1198 canonieal‚
422 1148 496 1189 the
534 1149 689 1190 second
725 1149 1036 1199 ecclesiastical,
1069 1148 1153 1189 and
1183 1148 1258 1188 the
1293 1146 1406 1187 third
1440 1158 1612 1198 apocry-

151 1215 276 1269 phal;
309 1216 356 1256 of
384 1216 440 1256 all
472 1216 612 1257 which
644 1231 705 1258 we
736 1218 843 1258 have
877 1217 967 1258 said
998 1216 1171 1270 enough
1201 1215 1358 1256 before,

152 1282 258 1323 have
283 1283 468 1337 nothing
487 1288 533 1325 to
554 1288 656 1325 note
678 1284 845 1325 further
865 1284 980 1335 here,
1003 1283 1082 1324 but
1106 1284 1202 1324 that
1223 1282 1288 1323 for
1309 1281 1365 1322 all
1386 1281 1459 1322 the
1480 1281 1614 1321 books

153 1350 200 1391 of
229 1351 303 1391 the
335 1351 443 1392 New
476 1351 739 1403 Testament,
772 1367 817 1393 as
847 1352 950 1407 they
986 1365 1056 1393 are
1089 1365 1183 1392 now
1215 1349 1457 1403 commonly
1490 1363 1614 1389 num-

156 1499 279 1536 morali,
297 1504 328 1530 et
344 1499 495 1540 mystico)
514 1500 637 1540 sensu.]
677 1501 810 1541 Scripsit
825 1506 857 1531 et

156 1542 308 1582 epistolas
333 1543 372 1572 ad
399 1543 547 1573 timorem
576 1544 638 1573 Dei
668 1544 856 1574 hortatorias

156 1585 297 1620 multas3
325 1584 424 1625 [inter
447 1596 527 1625 quas
551 1587 763 1625 praeeminent
778 1587 856 1623 illae,

156 1638 235 1667 quas
274 1628 314 1657 ad
352 1628 490 1658 Probam
529 1628 644 1668 dedit.]
702 1629 856 1659 Historiae

157 1669 288 1710 [etiam]
343 1671 581 1707 ecclesiasticae,
624 1672 663 1701 ab
716 1672 858 1702 Eusebio

155 1714 293 1753 seriptae,
313 1712 382 1752 [the
404 1714 505 1744 words
528 1715 563 1744 of
577 1714 765 1745 Gennadius
782 1725 834 1745 are
850 1727 857 1745 2

153 1757 161 1771 ‘
179 1766 277 1795 quam
293 1757 331 1786 ab
349 1756 490 1787 Eusebio
506 1757 668 1797 scriptam,
686 1762 717 1787 et
733 1758 771 1788 ab
787 1758 857 1798 ipso

156 1798 397 1838 interpretatam
425 1799 595 1840 diximus‚]
623 1801 744 1830 addidit
768 1801 854 1831 deci-

156 1851 247 1871 mum
275 1846 306 1872 et
332 1842 541 1872 undecimum
564 1843 693 1874 librum.
741 1844 803 1873 Sed
827 1848 858 1874 et

156 1885 359 1915 obtrectatori
377 1885 605 1925 opusculorum
622 1897 764 1922 suorum,
783 1886 854 1925 (1.6.

156 1927 383 1968 Hieronym0‚)
401 1929 563 1968 respondit
577 1929 701 1959 duobus
717 1929 854 1959 volumi-

155 1970 260 2007 nibus,
286 1981 423 2009 arguens
455 1976 485 2000 et
511 1972 702 2002 convincens
726 1982 770 2007 se,
794 1972 856 2001 Dei

155 2013 286 2050 intuitu,
298 2017 329 2043 et
346 2013 502 2043 Ecclesiae
520 2014 670 2049 utilitate,
681 2014 857 2044 auxiliante

157 2055 310 2092 Domino,
322 2055 489 2095 ingenium
503 2058 650 2095 agitasse,
663 2057 757 2086 illum
772 2067 856 2093 vero,

157 2098 373 2128 aemulationis
397 2099 528 2128 stimulo
548 2099 728 2135 incitatum,
745 2099 785 2129 ad
802 2099 856 2129 ob-

157 2140 302 2180 loquium
319 2141 430 2170 stilum
447 2142 590 2172 vertisse.

202 2181 402 2219 iRuffinus,
434 2183 466 2213 in
494 2184 603 2224 Symb.
638 2183 748 2224 Apost.
781 2188 856 2216 sect.

158 2227 209 2261 35,
236 2226 286 2255 36.
313 2225 451 2266 [Opusc.
483 2237 535 2266 pp.
566 2228 635 2263 188,
669 2227 859 2267 189.]—(1s

156 2268 246 2308 ergo)
265 2269 402 2308 Spiritus
421 2270 559 2299 Sanctus
575 2275 631 2306 est,
646 2271 700 2309 qui
719 2271 750 2300 in
769 2270 805 2299 V.
817 2270 854 2301 T.

159 2311 279 2350 Legem
320 2317 351 2341 et
388 2311 571 2352 Prophetas,
603 2313 635 2343 in
675 2313 716 2343 N.
750 2312 854 2352 (vero)

160 2353 339 2393 Evangelia
348 2359 378 2384 et
390 2354 560 2394 Apostolos
571 2356 736 2396 inspiravit
748 2368 753 2391 ;
772 2356 856 2386 unde

159 2402 189 2426 et
206 2397 381 2436 Apostolus
398 2397 488 2427 dicit:
515 2401 534 2414 “
549 2399 664 2429 Omnis
680 2399 854 2438 Scriptura,

159 2439 314 2469 divinitus
331 2440 491 2479 inspirata,
509 2441 598 2471 utilis
618 2447 664 2472 est
679 2442 719 2471 ad
738 2442 852 2472 docen-

159 2482 269 2512 dum.'’
317 2482 361 2512 Et
375 2483 445 2513 ideo
461 2494 534 2524 quae
553 2489 627 2514 sunt
650 2485 724 2515 novi
747 2495 782 2514 ac
800 2494 853 2514 ve-

157 2525 233 2554 teris
257 2526 435 2556 testamenti
461 2527 635 2564 volumina,
651 2538 723 2567 quae
740 2537 854 2557 secun-

160 2567 237 2597 dum
262 2569 420 2607 majorum
444 2570 646 2600 traditionem
669 2581 725 2610 per
742 2570 856 2610 Ipsum

161 2610 314 2650 Spiritum
334 2611 486 2642 Sanctum
504 2613 657 2653 inspirata
673 2614 855 2651 creduntur,

159 2659 189 2683 et
207 2653 364 2684 Ecclesiis
385 2655 506 2685 Christi
531 2657 656 2693 tradita,
674 2662 857 2696 competens

160 2696 285 2726 videtur
307 2697 339 2726 in
364 2697 422 2727 hoc
447 2698 527 2735 loco,
549 2699 688 2729 evidenti
712 2709 858 2735 munem,

162 2738 245 2768 sicut
271 2749 310 2768 ex
334 2745 462 2779 patrum
489 2743 708 2772 monumentis
733 2742 856 2781 accepi-

160 2790 243 2815 111115,
253 2781 434 2828 designare.
476 2784 591 2824 Itaque
606 2785 720 2815 veteris
737 2785 856 2814 instru-

162 2828 272 2869 menti,
303 2825 406 2862 primo
437 2827 594 2864 omnium,
626 2828 733 2867 Moysi
765 2827 857 2867 quin-

161 2875 222 2904 que
246 2865 317 2895 libri
341 2872 416 2897 sunt
439 2870 556 2906 traditi,
574 2871 654 2900 Gen.
676 2871 734 2901 Ex.
754 2870 857 2900 Levit.

162 2908 262 2937 Num.
293 2908 388 2938 Dcut.
436 2910 510 2941 Post
538 2913 606 2942 haec
631 2913 725 2942 Jesus
756 2913 857 2949 Nave,

162 2950 315 2980 Judicum
341 2951 437 2982 simul
461 2964 534 2984 cum
561 2955 660 2985 Ruth.
709 2956 859 2986 Quatuor

162 2997 233 3033 post
248 2993 318 3022 haec
337 2994 416 3034 Reg.
433 2995 513 3033 libri,
532 3007 611 3037 quos
630 2998 760 3028 Hebraei
778 2998 857 3028 duos

219 3062 330 3085 COSIN·

892 3064 905 3090 1

915 1504 1102 1530 numerant:
1129 1498 1266 1538 Paralip.
1293 1496 1368 1538 [qui
1391 1496 1518 1527 dierum
1535 1497 1614 1526 dici-

915 1548 968 1573 tur
995 1542 1114 1582 liber;]
1145 1546 1176 1572 et
1200 1542 1296 1571 Ezrae
1326 1540 1430 1580 (libri)
1457 1540 1529 1576 duo,
1559 1540 1614 1579 qui

916 1586 1002 1626 apud
1031 1586 1103 1615 illos
1141 1584 1261 1624 singuli
1298 1587 1545 1623 computantur;
1585 1588 1616 1612 et

917 1629 1044 1658 Esther.
1103 1628 1338 1668 Prophetarum
1375 1634 1449 1655 vero
1490 1625 1615 1662 Esaias,

919 1672 1061 1701 Hierem.
1087 1671 1209 1700 Ezech.
1238 1674 1269 1699 et
1298 1668 1438 1699 Daniel:
1462 1672 1617 1707 praeterea

918 1714 973 1744 xii.
989 1714 1219 1754 prophetarum
1234 1713 1313 1742 liber
1330 1722 1425 1742 unus.
1457 1711 1518 1740 Job
1535 1721 1614 1751 quo-

918 1767 989 1796 que,
1022 1762 1053 1786 et
1083 1756 1206 1786 Psalmi
1238 1755 1353 1790 David,
1383 1754 1504 1793 singuli
1540 1758 1617 1784 sunt

915 1800 1000 1831 libri.
1047 1799 1227 1829 Salomonis
1256 1808 1329 1828 vero
1364 1802 1426 1827 tres
1458 1797 1617 1826 Ecclesiis

916 1843 1033 1879 traditi,
1051 1842 1157 1878 Prov.,
1180 1841 1317 1877 Eccles,
1335 1840 1429 1870 Cant.
1448 1839 1618 1869 Cautio.—

917 1885 957 1914 In
982 1885 1033 1914 his
1060 1884 1289 1915 concluserunt
1318 1883 1473 1912 librorum
1501 1892 1616 1911 nume-

916 1938 987 1957 rum
1012 1928 1050 1957 V.
1076 1926 1282 1957 Testamenti.
1331 1925 1416 1954 Novi
1439 1934 1513 1953 vero
1536 1934 1615 1963 qua-

916 1976 988 2000 tuor
999 1971 1137 2009 Evang„
1150 1970 1206 1999 &a
1224 1969 1274 2005 (as
1290 1979 1335 1998 we
1347 1967 1482 1997 number
1498 1967 1615 2006 them.)

917 2013 999 2043 Haec
1023 2017 1106 2048 sunt,
1125 2022 1197 2051 quae
1222 2011 1333 2041 Patres
1356 2010 1439 2039 intra
1461 2019 1616 2039 canonem

916 2055 1142 2085 concluserunt
1155 2067 1161 2089 ς
1181 2053 1245 2093 [et]
1258 2064 1297 2083 ex
1307 2053 1424 2092 quibus
1435 2051 1524 2081 Fidei
1541 2062 1613 2081 nos-

916 2103 973 2128 trae
991 2098 1181 2127 assertiones
1195 2102 1339 2126 constare
1356 2095 1535 2125 voluerunt.

959 2140 972 2158 k
997 2141 1099 2176 Idem,
1124 2140 1198 2169 ibid.
1226 2138 1299 2178 [ubi
1322 2148 1408 2178 supr.
1433 2148 1462 2177 p.
1483 2136 1617 2176 189.]—

919 2183 1093 2213 Sciendum
1110 2187 1216 2212 tamen
1234 2186 1290 2218 est,
1309 2181 1393 2221 quod
1417 2186 1448 2210 et
1471 2180 1525 2209 alii
1543 2180 1616 2210 libri

917 2231 1002 2264 sunt,
1034 2226 1089 2265 qui
1123 2236 1186 2255 non
1220 2223 1328 2264 [sunt]
1362 2223 1528 2258 Canonici,
1560 2223 1616 2252 sed

915 2269 1129 2299 Ecclesiasticz·
1145 2279 1162 2298 a
1173 2268 1348 2307 majoribus
1360 2265 1511 2306 appellati
1521 2270 1613 2301 sunt;

915 2316 951 2341 ut
968 2317 1023 2348 est,
1043 2311 1205 2351 Sapientia
1222 2310 1412 2345 Salomonis,
1430 2313 1461 2338 et
1476 2308 1539 2338 alia
1558 2309 1613 2338 Sa-

914 2355 1035 2393 pientia
1065 2364 1137 2393 quae
1169 2353 1286 2383 dicitur
1316 2353 1373 2382 filii
1399 2351 1530 2392 Syrach‚
1559 2351 1615 2390 qui

912 2396 994 2427 liber
1021 2398 1107 2437 apud
1134 2396 1268 2426 Latinos
1293 2396 1353 2425 hoc
1378 2396 1445 2435 ipso
1474 2394 1615 2433 generali

914 2441 1070 2471 vocabulo
1117 2439 1366 2470 Ecclesiasticus
1417 2437 1612 2477 appellatum

914 2494 977 2522 quo
1008 2482 1162 2513 vocabulo
1192 2492 1254 2512 non
1283 2486 1392 2511 auctor
1420 2480 1532 2516 libelli,
1557 2479 1613 2509 sed

916 2526 1091 2566 Scripturae
1123 2525 1260 2565 qualitas
1292 2523 1518 2564 cognominata
1554 2527 1611 2552 est.

916 2569 1074 2608 Ejusdem
1098 2569 1217 2598 ordinis
1236 2572 1282 2597 est
1298 2567 1427 2596 libellus
1445 2565 1565 2601 Tobiae,
1583 2569 1614 2595 et

914 2612 1039 2649 Judith,
1075 2616 1106 2642 et
1144 2610 1404 2641 Maoeabaeorum
1434 2609 1515 2638 libri.
1574 2607 1613 2637 In

917 2655 1010 2684 Novo
1033 2665 1107 2685 vero
1127 2653 1334 2684 Testamento
1350 2652 1479 2681 libellus
1494 2651 1549 2690 qui
1565 2650 1612 2680 di-

916 2698 998 2727 citur
1016 2697 1190 2728 Pastoralis
1202 2697 1267 2725 sive
1286 2696 1464 2729 Hermctis3
1489 2696 1545 2724 διο.
1562 2716 1568 2722 .
1584 2716 1590 2722 .
1606 2715 1613 2723 .

919 2740 1003 2771 Quae
1028 2740 1136 2770 onmia
1159 2740 1223 2779 legi
1247 2739 1376 2778 quidem
1401 2738 1433 2767 in
1461 2736 1614 2766 Ecclesiis

917 2783 1098 2820 voluerunt,
1116 2793 1179 2812 non
1203 2788 1308 2812 tamen
1334 2781 1465 2821 proferri
1482 2780 1520 2809 ad
1537 2789 1612 2808 auc-

917 2827 1076 2856 toritatem
1100 2836 1138 2855 ex
1162 2825 1212 2854 his
1238 2825 1327 2854 Fidei
1351 2822 1614 2853 confirmandam.

920 2869 1062 2898 Caeteras
1093 2878 1166 2897 vero
1199 2867 1380 2907 Scripturas
1417 2864 1615 2905 apocryphas

917 2911 1135 2946 nominarunt,
1153 2920 1232 2949 quas
1248 2911 1279 2939 in
1298 2909 1453 2939 Ecclesiis
1471 2908 1533 2945 legi
1557 2916 1612 2935 110-

917 2954 1055 2983 luerunt.
1105 2953 1186 2982 Ilaec
1217 2953 1309 2982 nobis
1338 2962 1356 2982 a.
1388 2951 1537 2982 Patribus
1563 2948 1614 2987 (nt

917 2997 998 3035 dixi)
1017 2996 1131 3026 tradita
1147 2994 1268 3035 [sunt]

1677 336 1772 358 TEST.

1643 379 1742 401 cEN'r.
1761 379 1805 402 w.

1419 1213 1520 1255 And
1554 1226 1613 1253 We
1630 1198 1777 1272 fflffi...
