1987 3244
343 255 419 282 XXX
895 254 944 282 ΤΟ
966 255 1049 282 THE
1070 255 1249 282 READER.

342 348 481 388 venial
503 348 603 398 sins,
627 363 671 389 as
696 348 769 389 the
800 354 1003 402 payment
1031 349 1079 390 of
1103 350 1311 403 tempora]
1333 350 1632 404 punishments
1655 350 1737 391 due
1758 356 1803 391 to

342 422 497 462 morta]
526 421 612 462 sins
628 439 639 472 3
672 422 756 462 and
785 423 878 463 that
901 423 1007 464 dead
1036 423 1171 464 men's
1200 424 1325 474 souls,
1349 424 1468 464 there
1497 424 1709 475 detained,
1732 438 1803 465 are

342 495 496 549 helped
532 495 588 549 by
620 495 693 536 the
730 496 933 549 suffrages
969 496 1016 537 of
1049 497 1123 536 the
1159 497 1304 550 living,
1340 498 1423 537 and
1459 497 1533 538 the
1568 498 1718 552 saying
1759 498 1807 539 of

343 569 553 609 Masses.’'
595 567 726 609 VIII.
761 573 786 591 “
807 570 918 610 That
939 569 1013 609 the
1036 570 1167 610 saints
1191 570 1320 611 above
1341 571 1386 610 in
1408 571 1609 622 heaveny,
1636 572 1698 625 (or
1719 586 1804 626 any

342 641 481 682 whom
512 642 546 682 it
568 642 674 682 shall
706 642 757 682 be
787 642 861 682 the
883 643 1030 696 Pope’s
1058 643 1249 695 pleasure
1275 648 1319 683 to
1342 645 1572 697 canonize,)
1599 646 1733 697 ought
1758 650 1803 685 to

343 714 396 755 be
426 715 671 768 religiously
691 715 941 765 invocated,
975 715 1059 755 and
1092 716 1184 756 that
1215 716 1319 769 they
1347 717 1611 757 understand
1645 733 1689 758 as
1710 718 1804 758 well

343 787 417 828 the
453 788 631 839 minds2,
674 803 718 828 as
751 789 823 829 the
861 789 1010 839 words,
1045 790 1092 829 of
1127 789 1247 829 those
1283 789 1377 829 that
1417 804 1520 844 pray
1556 796 1602 830 to
1639 791 1801 831 them.''

343 863 423 903 IX.
458 863 610 903 “That
654 863 921 904 whosoevera
968 863 1051 904 will
1093 868 1169 904 not
1211 864 1285 904 fall
1333 864 1456 905 down
1496 864 1637 905 before
1682 866 1802 906 relies

344 935 429 976 and
461 935 659 990 imagesb,
691 942 736 977 to
768 937 856 977 kiss
888 938 973 977 and
1005 938 1184 991 worship
1222 938 1354 988 them,
1387 939 1614 992 according
1645 944 1689 979 to
1729 939 1803 980 the

343 1015 514 1062 present
542 1010 728 1063 practice
754 1011 801 1051 of
822 1011 896 1050 the
919 1011 1091 1052 Church
1118 1011 1165 1052 of
1185 1012 1334 1061 Rome,
1358 1012 1441 1052 and
1471 1012 1544 1052 the
1571 1013 1739 1053 decrees
1762 1014 1810 1054 of

343 1082 418 1121 the
440 1083 595 1123 second
612 1083 791 1124 Council
813 1088 856 1124 at
874 1084 994 1134 Nice,
1019 1098 1088 1124 are
1109 1089 1154 1124 to
1177 1084 1228 1124 be
1251 1085 1450 1125 accursed
1472 1085 1554 1125 and
1574 1085 1802 1126 damned.'’

344 1155 397 1195 X.
432 1156 582 1196 “That
618 1157 692 1197 the
727 1158 903 1212 plenary
936 1172 1087 1211 power,
1126 1158 1211 1198 and
1251 1165 1424 1211 present
1463 1174 1539 1200 use
1580 1160 1627 1200 of
1662 1161 1803 1200 indul-

343 1243 509 1281 gences,
541 1245 624 1270 was
660 1231 864 1271 ordained
900 1232 984 1272 and
1024 1232 1100 1272 left
1130 1232 1187 1284 by
1218 1232 1361 1273 Christ
1401 1233 1447 1273 in
1480 1234 1560 1274 His
1595 1234 1803 1285 Churchc,

343 1303 481 1344 which
512 1305 728 1359 anciently
759 1310 837 1358 put
867 1306 941 1346 the
973 1320 1087 1347 same
1118 1306 1210 1347 into
1241 1306 1450 1360 practice,
1493 1307 1577 1347 and
1609 1307 1701 1347 that
1730 1308 1804 1348 the

1429 1380 1508 1421 XI.
1542 1382 1643 1422 And
1663 1381 1802 1435 lastly,

345 1455 370 1473 “
387 1451 497 1491 That
519 1452 573 1492 all
597 1452 671 1492 the
695 1452 971 1503 definitionsd,
996 1453 1177 1503 decrees,
1201 1468 1374 1504 canons,
1399 1454 1485 1494 and
1507 1454 1802 1505 declarations,

345 1378 486 1418 denia]
507 1378 656 1419 hereos
680 1379 814 1432 ought
836 1384 881 1419 to
905 1379 958 1420 be
980 1380 1367 1420 anathematized.'’

345 1536 468 1566 scilicet
497 1537 663 1573 sacrificia,
698 1538 866 1574 orationes,
904 1539 1040 1568 eleemo-

345 1590 445 1618 synae‚
477 1580 604 1618 aliaque
635 1581 760 1619 pietatis
792 1591 895 1620 opera,
922 1591 993 1620 quae
1025 1592 1043 1611 a

1104 1538 1258 1578 [quorum
1287 1539 1351 1568 illae
1380 1539 1627 1569 similitudinem
1656 1538 1800 1578 gerunt,]

1101 1592 1309 1611 veneremur:
1356 1582 1397 1617 id,
1439 1582 1524 1621 quod
1565 1581 1801 1620 [coneiliorunh

345 1622 493 1652 fidelibus
524 1633 580 1662 pro
607 1623 677 1652 aliis
708 1623 852 1652 fidelibus
884 1624 1043 1654 defunctis

344 1665 413 1694 fieri
430 1671 675 1701 consueverunt,
691 1666 868 1695 secundum
888 1666 1042 1696 Ecclesiae

344 1707 493 1737 instituta
518 1708 569 1747 pie
601 1713 631 1737 et
655 1708 767 1738 devote
794 1708 890 1743 fiant;
921 1709 1043 1748 δια]-

346 1749 630 1786 Ite1n,Bull.Prof.
646 1750 772 1790 [Fidei]
786 1751 894 1790 praed„
904 1750 1043 1789 [Labl›e,

345 1797 420 1822 tom.
442 1793 505 1822 xiv.
532 1793 589 1823 col.
615 1793 928 1823 946.—-Constanter
952 1800 1042 1824 teneo

345 1836 567 1874 purgatorium
594 1846 673 1871 esse,
699 1836 887 1875 animasque
914 1837 959 1866 ibi
987 1838 1040 1867 de-

346 1883 448 1907 tentas
464 1878 608 1907 fidelium
626 1879 784 1917 suffragiis
796 1878 932 1918 juvari.]

387 1925 402 1945 y
428 1921 508 1950 Ibid.
529 1920 645 1959 [Conc.
663 1921 769 1960 Trid.]
790 1932 864 1951 sess.
884 1932 956 1951 xxv.
974 1922 1041 1952 De-

343 1968 418 1992 cret.
443 1963 479 1992 de
506 1963 640 1993 invocat.
667 1964 773 1993 Sanct.
801 1963 939 2002 [Labbe,
966 1970 1041 1994 tom.

346 2006 410 2034 xiv.
429 2006 488 2034 col.
506 2006 759 2035 895.-Mandat
775 2012 885 2036 sancta
901 2008 1043 2046 synodus

344 2048 491 2077 omnibus
510 2048 688 2088 Episcopis,
706 2055 736 2078 et
760 2050 884 2078 caeteris
909 2050 1043 2080 docendi

343 2100 461 2120 munus
485 2102 658 2130 curamque
675 2092 917 2128 sustinentibuS,
937 2098 971 2122 ut
985 2116 992 2123 .
1008 2116 1014 2123 .
1033 2116 1040 2123 .

343 2133 375 2162 in
404 2133 514 2173 primis
535 2135 571 2163 de
596 2140 779 2164 sanctorum
802 2135 1039 2172 intercessione,

344 2176 553 2212 invocatione,
571 2177 781 2215 reliquiarum
798 2178 928 2213 honore,
946 2184 976 2208 et
992 2179 1037 2208 le—

344 2219 457 2257 gitimo
473 2219 652 2258 imaginum
676 2230 748 2255 usu,
766 2220 874 2250 fideles
899 2221 1036 2261 diligen-

344 2265 392 2290 ter
423 2262 600 2294 instruant:
640 2263 787 2292 docentes
819 2274 881 2299 eos,
913 2270 1038 2294 sanctos

344 2313 407 2333 una
432 2314 506 2333 cum
532 2304 658 2333 Christo
681 2310 859 2343 regnantes,
882 2307 1038 2337 orationes

346 2356 419 2375 suas
444 2357 498 2385 pro
522 2347 705 2376 hominibus
732 2348 801 2377 Deo
828 2349 955 2383 offerre;
982 2350 1037 2379 bo-

344 2398 423 2418 num
454 2393 548 2428 atque
576 2389 653 2419 utile
678 2400 746 2419 esse
775 2392 962 2430 suppliciter
986 2403 1038 2422 eos

343 2431 491 2460 invocare
506 2445 511 2465 ;
529 2454 535 2460 .
554 2455 560 2460 .
579 2431 604 2470 .]

387 2478 398 2490 ²
424 2474 506 2503 lbid.
525 2473 614 2512 [(ubi
632 2475 733 2514 supr.)
746 2498 752 2505 .
765 2476 876 2505 ..illos
892 2487 974 2513 vero,
990 2502 996 2508 .
1010 2502 1016 2508 .
1029 2501 1035 2508 .

345 2516 399 2555 qui
418 2522 563 2546 asserunt
579 2540 585 2546 .
606 2539 612 2545 .
629 2540 634 2546 .
653 2518 788 2547 stultum
814 2529 891 2554 esse,
908 2520 939 2549 in
958 2522 1038 2550 coelo

342 2558 566 2598 regnantibus]
595 2570 671 2588 voce
700 2560 750 2589 vel
782 2567 887 2591 mente
913 2564 1036 2603 suppli—

344 2610 425 2637 care,
444 2600 557 2640 [impie
574 2601 717 2641 sentire]

386 2648 402 2664 a
428 2643 508 2674 Ibid.
529 2643 616 2683 [(ubi
633 2646 733 2684 supr).
752 2668 758 2674 .
777 2668 783 2675 .
802 2669 808 2675 .
826 2646 871 2676 ita
885 2647 936 2686 ut]
953 2648 1038 2677 affir-

343 2691 468 2715 mantes
503 2692 686 2716 sanctorum
723 2687 868 2726 reliquiis
906 2700 1036 2720 venera-

341 2728 460 2758 tionem
493 2728 606 2768 [atque
632 2729 801 2769 honorem]
830 2741 892 2760 non
924 2733 1040 2770 deberi,

342 2770 514 2800 damnandi
532 2776 605 2801 sunt
622 2771 835 2810 [damnandos
851 2784 927 2810 esse,
945 2780 1039 2814 prout

337 2813 407 2851 jam
439 2814 562 2853 pridem
593 2824 645 2844 eos
681 2815 852 2852 damnavit,
885 2822 915 2846 et
953 2828 1037 2848 nunc

343 2855 437 2886 etiam
456 2856 595 2892 damnat,
615 2857 789 2897 Ecclesia]

388 2898 400 2917 ὓ
426 2899 507 2929 Ibid.
527 2898 599 2938 [ubi
617 2899 721 2939 supr.]
742 2924 747 2929 .
766 2923 772 2929 .
793 2923 800 2930 .
818 2905 853 2930 ut
876 2911 932 2940 per
955 2902 1034 2932 ima-

342 2940 443 2979 gineS,
461 2952 540 2981 quas
564 2942 756 2979 osculamur,
780 2948 810 2972 et
834 2954 939 2973 coram
964 2946 1034 2984 qui-

342 2983 402 3012 bus
430 2983 543 3023 [caput
572 2985 742 3024 aperimus,
772 2985 819 3025 et]
852 2988 1034 3026 procumbi-

343 3035 424 3063 mus,
452 3027 617 3057 Christum
639 3028 815 3065 adoremus,
842 3034 872 3059 et
899 3036 1035 3067 sanctos,

1101 1624 1281 1664 praesertim
1306 1623 1397 1663 vero]
1417 1625 1565 1654 secundae
1594 1624 1729 1653 Nicenae
1749 1635 1800 1663 sy-

1103 1667 1186 1702 nodi,
1211 1667 1345 1695 decretis
1375 1665 1503 1705 [contra
1533 1667 1713 1705 imaginum
1745 1677 1799 1707 op-

1102 1710 1322 1748 pugnatores,]
1346 1715 1393 1738 est
1409 1710 1567 1738 sancitum
1571 1732 1800 1740 ..........

1103 1752 1136 1781 Si
1164 1752 1235 1790 quis
1260 1757 1368 1781 autem
1395 1752 1444 1781 his
1478 1751 1611 1781 decretis
1643 1752 1802 1781 contraria

1105 1793 1273 1833 [docuerit‚
1291 1793 1362 1833 aut]
1382 1795 1532 1824 senserit:
1559 1795 1729 1823 anathema
1751 1795 1799 1825 sit.

1145 1841 1159 1857 ⁰
1185 1837 1279 1872 Ibid.,
1295 1837 1420 1866 Decret.
1437 1837 1474 1866 de
1488 1837 1617 1876 Indulg.
1635 1836 1728 1876 [sess
1741 1838 1801 1867 ult.

1102 1879 1275 1910 continuat.
1322 1879 1441 1915 Lahbe‚
1459 1885 1533 1909 tom.
1550 1881 1613 1909 xiV.
1632 1879 1689 1909 col.
1709 1879 1798 1919 917]

1101 1922 1293 1951 —Potestas
1321 1922 1503 1952 conferendi
1532 1922 1757 1960 Indulgentias
1784 1933 1801 1952 a

1104 1965 1230 1994 Christo
1263 1965 1420 1994 Ecclesiae
1450 1975 1601 1994 concessa
1637 1969 1694 2000 est,
1727 1975 1799 2004 quae

1103 2008 1199 2037 etiam
1232 2008 1467 2047 antiquissimis
1509 2008 1708 2047 temporibus
1745 2007 1801 2037 illa

1102 2061 1160 2080 usa
1184 2050 1287 2080 fuerit.
1338 2051 1425 2079 Usus
1449 2050 1549 2089 igitur
1573 2050 1799 2089 Indulgentia-

1101 2102 1171 2122 ruun
1194 2093 1378 2122 retinendus
1400 2099 1465 2128 est;
1491 2098 1521 2123 et
1545 2093 1799 2123 contradicentes

1101 2135 1303 2165 anathemate
1325 2136 1508 2166 damnandi.
1549 2135 1635 2175 [The
1652 2136 1753 2165 words
1771 2136 1806 2165 of

1099 2178 1152 2208 the
1180 2179 1304 2208 Decree
1334 2189 1402 2208 are:
1444 2178 1528 2208 Cum
1554 2183 1693 2217 potestas
1725 2189 1799 2208 con-

1098 2222 1219 2251 ferendi
1244 2221 1468 2261 Indulgentias
1492 2232 1509 2251 a
1533 2221 1660 2251 Christo
1682 2221 1797 2251 Eccle-

1098 2264 1152 2293 siae
1170 2275 1320 2294 concessa
1345 2265 1394 2300 sit,
1412 2270 1508 2304 atque
1531 2264 1718 2303 hujusmodi
1742 2274 1799 2304 po-

1098 2313 1219 2343 testate,
1239 2307 1392 2337 divinitus
1416 2308 1476 2336 sibi
1493 2307 1618 2343 tradita,
1637 2307 1798 2346 antiquis-

1099 2350 1189 2379 simis
1213 2351 1308 2379 etiam
1325 2350 1524 2389 temporibus
1545 2349 1602 2379 illa
1617 2360 1675 2379 usa
1691 2350 1798 2386 fuerit,

1099 2398 1301 2422 sacrosancta
1334 2393 1475 2431 synodus
1515 2392 1798 2431 Indulgentiarum

1100 2446 1205 2471 usum,
1219 2435 1402 2464 Christiano
1418 2435 1536 2474 populo
1554 2435 1692 2464 maxime
1710 2435 1794 2464 salu-

1099 2483 1210 2514 tarem,
1234 2484 1263 2507 et
1287 2488 1451 2507 sacrorum
1478 2477 1697 2507 Conciliorum
1720 2487 1796 2507 auc-

1098 2521 1222 2551 toritate
1247 2521 1429 2560 probatum,
1445 2520 1476 2550 in
1495 2520 1643 2549 Ecclesia
1658 2520 1796 2549 retinen—

1099 2563 1177 2593 dum
1208 2574 1276 2593 esse
1306 2564 1395 2593 docet
1419 2567 1449 2592 et
1478 2563 1642 2602 praecipit3
1681 2572 1797 2602 eosque

1098 2607 1301 2636 anathemate
1330 2606 1471 2642 damnat,
1498 2606 1553 2645 qui
1585 2609 1640 2635 aut
1666 2605 1797 2634 inutiles

1099 2659 1165 2678 esse
1194 2654 1351 2684 asserunt,
1380 2649 1430 2678 vel
1460 2660 1512 2678 eas
1542 2648 1736 2678 concedendi
1763 2648 1797 2677 in

1100 2692 1247 2721 Ecclesia
1263 2696 1452 2731 potestatem
1470 2701 1538 2720 esse
1554 2695 1672 2729 negant
1686 2703 1692 2724 ;
1718 2689 1794 2729 Sco]

1142 2735 1155 2754 ‘¹
1180 2734 1273 2770 Ibid.,
1306 2734 1344 2763 de
1373 2734 1470 2773 recip.
1499 2733 1627 2763 Decret.
1661 2732 1795 2768 Concil.,

1100 2775 1171 2815 [ubi
1195 2787 1292 2816 supr.,
1311 2776 1369 2806 col.
1388 2776 1478 2815 919.]
1498 2799 1504 2806 .
1524 2799 1530 2805 .
1549 2799 1555 2805 .
1578 2780 1623 2811 ut,
1642 2785 1712 2814 quae
1739 2774 1796 2813 [ab

1097 2818 1151 2858 ea]
1168 2819 1291 2849 decreta
1316 2824 1400 2856 sunt,
1420 2819 1476 2858 [ab
1499 2818 1658 2848 haereticis
1683 2818 1796 2856 depra-

1097 2861 1163 2890 vari
1187 2867 1242 2891 aut
1264 2862 1375 2891 violari
1400 2872 1463 2891 non
1487 2861 1692 2900 permittant;
1720 2859 1793 2898 sed]

1096 2904 1133 2933 ab
1147 2904 1214 2943 [his
1231 2904 1277 2943 et]
1293 2905 1442 2934 omnibus
1459 2905 1570 2933 devote
1586 2902 1788 2942 recipiantur,

1096 2951 1125 2975 et
1152 2947 1287 2976 fideliter
1315 2946 1675 2980 observentur.-—-Ite1n‚
1704 2944 1791 2974 Bull.

1097 2988 1180 3018 Prof.
1202 2990 1302 3029 Fidei,
1322 2989 1427 3029 [ibid.‚
1453 2989 1510 3019 col.
1529 2987 1618 3027 9442]
1668 2988 1795 3017 Caetera

1096 3030 1171 3061 item
1198 3033 1305 3063 omnia
1326 3043 1343 3063 a
1369 3032 1474 3062 Sacris
1499 3032 1589 3066 Can„
1608 3034 1638 3060 et
1663 3030 1791 3060 OEcuni.
