1987 3244
555 222 620 262 the
646 222 783 262 Canon
803 219 853 274 of
865 223 931 262 the
953 222 1196 274 Ser-mures.
1522 228 1603 267 127

1675 343 1771 365 TEST-

1651 387 1750 408 CENT.
1769 386 1798 407 V.

152 325 373 378 composed
392 326 491 380 only
505 326 560 380 by
574 327 736 367 human
753 327 974 380 diligence,
993 327 1053 380 (as
1075 328 1129 367 all
1146 327 1220 368 the
1237 329 1456 369 contested
1473 329 1604 371 books

149 394 286 446 were,)
312 394 396 434 and
418 394 538 435 those
566 394 660 435 that
681 408 789 435 were
817 399 880 435 set
908 395 1022 435 forth
1044 395 1099 448 by
1121 395 1261 436 divine
1289 396 1531 447 revelation,
1559 399 1605 438 in

149 459 223 500 the
252 461 468 516 authority
499 462 685 503 whereof
712 463 786 503 the
816 463 978 504 certain
1009 477 1148 504 canon
1179 463 1226 504 of
1256 463 1473 518 Scripture
1507 479 1605 505 con-

150 527 314 569 sisteth.

207 598 247 636 2.
280 597 372 638 Nor
394 613 476 638 was
498 598 619 639 there
639 598 788 640 herein
810 613 893 653 any
916 599 1140 640 difference
1160 599 1354 640 between
1378 599 1420 640 S.
1437 600 1606 653 Augus-

147 663 238 705 tine
270 666 354 706 and
386 667 460 707 the
482 667 605 718 Jews,
629 682 676 708 or
703 667 896 708 between
930 668 1000 708 the
1034 668 1217 708 Hebrew
1249 683 1386 709 canon
1418 669 1503 708 and
1533 669 1607 709 the

149 732 379 775 Christian.
441 736 536 786 For,
560 736 682 776 when
702 736 736 776 it
759 751 840 776 was
862 736 1055 790 objected
1078 742 1121 777 to
1143 737 1216 777 the
1239 737 1490 787 ChristianS,
1512 737 1607 777 that

146 801 250 856 they
270 803 485 857 produced
505 804 617 844 their
638 819 732 845 own
754 819 892 845 canon
908 806 955 845 of
974 806 1212 859 Scriptures
1233 806 1297 846 for
1318 807 1605 857 themselvesg,

146 868 200 908 he
234 871 453 924 appealeth
485 876 530 912 to
562 873 684 913 those
717 873 827 913 Jews
857 873 951 914 who
983 888 1089 914 were
1121 874 1195 914 the
1228 874 1479 915 Christians'
1512 889 1606 928 pro-

145 936 283 978 fessed
314 939 511 990 enemies,
545 940 629 980 and
658 941 1009 994 acknowledgeth
1041 956 1097 982 no
1129 942 1251 982 other
1281 957 1418 983 canon
1449 943 1606 984 where-

146 1019 261 1058 upon
296 1006 368 1047 the
398 1007 613 1049 Christian
647 1009 773 1049 Faith
810 1010 894 1050 and
930 1010 1111 1062 religion
1149 1025 1230 1051 was
1268 1011 1470 1061 founded,
1500 1012 1606 1052 than

145 1074 257 1114 what
288 1075 361 1115 the
393 1076 505 1116 Jews
536 1076 621 1117 had
653 1077 739 1117 still
768 1078 992 1131 preserved
1024 1079 1161 1119 entire
1198 1079 1282 1119 and
1319 1080 1607 1132 uncorrupted

145 1156 302 1195 among
321 1143 440 1184 them
457 1160 464 1184 :
497 1144 656 1198 having
676 1145 850 1186 learned
866 1146 976 1186 from
1002 1146 1044 1186 S.
1061 1147 1208 1197 Paulh,
1224 1147 1320 1187 that
1337 1147 1410 1187 the
1433 1148 1606 1188 Oracles

145 1210 193 1250 of
221 1211 313 1251 God
348 1211 393 1251 in
426 1212 500 1252 the
533 1213 617 1253 Old
649 1213 898 1254 Testament
931 1215 1016 1254 had
1048 1214 1158 1255 been
1191 1215 1246 1255 all
1280 1216 1528 1256 committed
1563 1222 1606 1257 to

144 1278 257 1318 their
278 1279 468 1333 custody,
492 1280 630 1321 where
659 1280 758 1335 they
781 1295 887 1322 were
909 1282 1012 1335 kept
1034 1283 1213 1323 without
1241 1297 1325 1337 any
1345 1284 1530 1325 mixture
1559 1298 1606 1325 or

145 1346 367 1386 confusion
381 1347 428 1388 of
437 1347 560 1388 other
573 1348 764 1401 writings
778 1365 788 1398 3
823 1349 906 1389 and
923 1349 1031 1390 from
1047 1350 1190 1391 Christ
1211 1350 1408 1402 Himself,
1422 1352 1517 1393 that
1531 1353 1603 1393 the
1622 1362 1694 1394 Vid.
1712 1373 1801 1394 num.

144 1412 222 1452 law
244 1413 290 1453 of
313 1413 458 1454 Moses
480 1415 564 1454 and
588 1415 662 1455 the
682 1415 816 1456 books
847 1416 894 1457 of
919 1417 992 1457 the
1015 1418 1224 1471 Prophets
1256 1419 1315 1471 (to
1344 1420 1480 1461 which
1502 1421 1603 1474 only
1622 1406 1764 1479 {iiiam

146 1481 217 1521 He
247 1481 433 1522 referred
454 1497 497 1522 as
523 1487 568 1524 to
593 1483 672 1523 His
696 1498 789 1524 own
811 1483 1058 1538 witnessesi)
1088 1487 1423 1539 comprehended
1446 1489 1506 1528 all
1531 1489 1604 1529 the
1624 1493 1672 1521 24.
1692 1493 1743 1524 27.

187 1591 204 1614 g
228 1587 354 1626 S.Aug.
368 1589 401 1618 in
413 1588 533 1619 Psalm.
546 1589 588 1619 xl.
603 1588 718 1629 [prope
735 1590 843 1628 finem,

144 1633 218 1659 tom.
236 1631 276 1660 iv.
293 1631 351 1660 col.
369 1632 440 1667 354,
459 1631 548 1671 353.]
591 1633 623 1661 Si
639 1633 756 1672 aliquis
774 1644 843 1673 per-

144 1672 257 1712 strepit
283 1673 446 1710 inimieus,
471 1679 501 1704 et
530 1674 617 1711 dicit,
646 1676 730 1705 ‘Vos
753 1676 844 1706 vobis

142 1716 324 1755 prophetias
349 1716 507 1754 finxistis‚’
532 1718 734 1757 proferantur
756 1719 842 1748 codi—

143 1768 194 1787 ces
227 1758 428 1789 Judaeorum.
459 1784 465 1790 .
484 1782 514 1790 ..
545 1760 651 1790 Judaei
689 1766 843 1801 tanquam

143 1801 279 1840 capsarii
302 1802 401 1831 nostri
418 1807 510 1833 sunt:
537 1804 739 1834 studentibus
753 1805 843 1834 nobis

143 1844 268 1873 codices
298 1850 434 1884 portant.
461 1867 468 1874 .
484 1869 491 1876 .
510 1868 516 1875 .
541 1846 640 1886 Apud
664 1847 737 1876 illos
768 1853 844 1878 sunt

142 1885 312 1926 Prophetae
336 1892 367 1917 et
392 1887 480 1923 Lex3
506 1888 538 1917 in
563 1899 626 1928 qua
642 1889 739 1929 Lege,
757 1894 788 1919 et
810 1890 843 1920 in

143 1930 259 1968 quibus
283 1930 463 1969 Prophetis,
480 1931 627 1961 Christus
649 1932 843 1972 praedicatus

143 1976 199 2002 est.
249 1971 407 2011 [Quando
438 1973 564 2012 agimus
591 1984 666 2004 cum
691 1975 841 2013 Paganis,

142 2019 173 2044 et
204 2015 404 2045 ostendimus
434 2016 494 2045 hoe
525 2017 650 2046 evenire
686 2018 779 2046 modo
810 2018 843 2048 in

143 2056 291 2087 Ecclesia
307 2057 438 2093 Christi,
456 2059 539 2097 quod
559 2064 632 2088 ante
652 2059 843 2098 praedictuin

142 2104 189 2128 est
206 2100 243 2129 de
260 2101 389 2129 nomine
407 2101 536 2137 Christi,
555 2101 592 2130 de
609 2102 710 2141 capite
727 2107 758 2131 et
774 2112 842 2132 cor-

142 2151 217 2180 pore
250 2142 380 2178 Christi,
411 2153 450 2172 ne
479 2147 594 2182 putent
625 2154 682 2173 nos
713 2144 843 2175 finxisse

142 2184 212 2214 illas
229 2185 462 2224 praedictiones,
481 2191 512 2215 et
535 2196 573 2215 ex
595 2186 644 2216 his
659 2187 753 2216 rebus
769 2198 842 2227 quze

141 2227 337 2263 acciderunt,
369 2228 461 2267 quasi
491 2229 608 2258 futurae
641 2235 755 2265 essent,
786 2241 843 2259 nos

142 2271 380 2310 conscripsisse,
395 2271 584 2310 proferimus
599 2272 721 2302 codices
731 2273 840 2302 Judae-

142 2322 243 2342 orum.
291 2313 427 2353 Nempe,
453 2313 560 2343 Judaei
588 2314 709 2345 inimici
742 2316 841 2345 nostri

142 2359 236 2384 sunt:
277 2356 315 2385 de
345 2356 463 2386 chartis
490 2357 612 2386 inimici
641 2358 842 2388 convincitur

142 2398 372 2438 adversarius]
435 2399 535 2436 Idem,
569 2399 600 2429 in
634 2399 754 2431 Psalm.
785 2401 841 2431 lvi.

144 2439 237 2479 [sect.
256 2442 284 2471 9.
302 2446 375 2471 tom.
390 2441 430 2472 iv.
456 2442 513 2472 eol.
531 2442 841 2483 534.]—Propterea

141 2483 245 2513 adhue
273 2483 381 2513 Judaei
412 2489 496 2520 sunt,
529 2490 563 2515 ut
590 2486 684 2515 libros
717 2491 840 2517 nostros

140 2530 266 2565 portent
280 2527 318 2556 ad
332 2527 552 2557 confusionem
564 2539 666 2558 suam.
701 2529 840 2560 Quando

141 2569 226 2598 enim
243 2569 394 2599 volumus
404 2571 569 2601 ostendere
581 2571 752 2611 (Paganis)
765 2583 836 2612 pro-

139 2611 305 2650 phetatum
316 2613 691 2653 Christum,proserinms
700 2614 838 2655 Paganis

139 2654 215 2684 istas
231 2654 348 2686 literas.
397 2655 470 2695 [Et‚
488 2666 526 2685 ne
542 2657 621 2686 forte
643 2657 750 2687 dicant
767 2658 837 2688 (luri

140 2697 179 2726 ad
191 2697 296 2734 fidem,
310 2698 385 2738 quia
396 2708 452 2728 nos
469 2698 542 2729 illas
556 2699 731 2729 Christiani
748 2711 836 2730 com-

139 2739 316 2777 posuimus,
346 2745 390 2777 ut,
422 2751 495 2771 cum
535 2742 714 2782 Evangelio
753 2744 838 2782 quod

139 2781 361 2820 praedicamus,
379 2783 565 2814 finxerimus
580 2785 766 2824 Prophetas,
784 2796 838 2825 per

140 2833 218 2862 quos
234 2825 425 2864 praedietuni
441 2827 601 2857 videretur
617 2828 700 2867 quod
721 2829 838 2867 praedi-

141 2875 262 2903 eamus,
294 2867 370 2897 hine
398 2879 450 2898 eos
481 2870 731 2909 eonvineinius,]
765 2871 840 2910 quia

141 2917 251 2938 omnes
282 2909 361 2948 ipsae
399 2910 510 2947 literae‚
542 2913 659 2953 quibus
691 2913 840 2943 Christus

140 2951 347 2990 prophetatus
377 2957 435 2989 est,
464 2955 548 2993 apud
585 2955 716 2985 Judaeos
755 2960 839 2992 sunt,

141 3002 252 3024 omnes
268 2993 354 3034 ipsas
369 2994 476 3026 literas
490 2997 732 3028 habent-Iudaei.
764 2998 841 3028 Pro-

902 1592 1035 1622 ferimus
1062 1592 1187 1623 codices
1219 1594 1256 1623 ab
1286 1594 1435 1631 inimicis,
1464 1600 1499 1625 ut
1527 1606 1602 1626 con-

902 1635 1076 1664 fundamus
1101 1635 1179 1665 alios
1204 1636 1361 1666 inimicos.
1377 1661 1382 1667 .
1399 1662 1406 1668 .
1424 1661 1430 1668 .
1451 1638 1604 1668 Codicein

901 1682 1006 1717 portat
1015 1678 1161 1714 Judaeus,
1171 1680 1255 1708 unde
1269 1680 1376 1710 eredat
1387 1680 1603 1711 Christianus.

903 1720 1043 1750 Librarii
1066 1722 1164 1751 nostri
1189 1722 1264 1751 faeti
1289 1723 1524 1760 sunt—Idem,
1547 1725 1602 1754 lib.

902 1763 955 1792 xii.
982 1768 1093 1793 contra
1117 1764 1226 1794 Faust.
1250 1775 1317 1804 cap.
1343 1767 1393 1795 23.
1425 1766 1518 1806 [tom.
1536 1768 1602 1798 viii.

902 1806 958 1836 col.
977 1806 1067 1846 238]
1115 1807 1160 1836 Et
1177 1808 1252 1846 quid
1271 1813 1318 1837 est
1335 1809 1422 1838 aliud
1447 1810 1603 1849 hodieque

901 1859 980 1887 gens
996 1849 1073 1888 ipsa,
1083 1849 1144 1878 nisi
1157 1850 1305 1889 quaedam
1317 1852 1481 1881 scriniaria
1491 1853 1602 1882 Chris-

900 1891 1070 1927 tianorum,
1083 1892 1231 1930 bajulans
1246 1893 1367 1932 Legem
1384 1899 1415 1923 et
1427 1894 1602 1934 Prophetas

901 1934 940 1963 ad
968 1934 1187 1963 testimonium
1219 1935 1402 1965 assertionis
1432 1937 1601 1975 Ecclesiae,

903 1974 956 2015 [ut
980 1986 1036 2005 nos
1060 1977 1252 2006 honoremus
1276 1988 1330 2016 per
1354 1985 1600 2016 sacramentum,

901 2019 987 2057 quod
1003 2019 1129 2048 nuntiat
1146 2019 1201 2048 illa
1216 2030 1272 2059 per
1288 2020 1411 2050 literam
1426 2020 1456 2060 ?]
1506 2022 1600 2059 Item,

901 2060 955 2091 lib.
975 2061 1061 2090 xviii.
1081 2061 1118 2090 de
1144 2062 1240 2092 Civit.
1260 2062 1333 2098 Dei,
1350 2073 1416 2102 cap.
1434 2065 1485 2093 All.
1506 2063 1599 2103 [tom.

904 2103 954 2132 vii.
973 2103 1031 2132 col.
1050 2103 1140 2143 523.]
1189 2104 1232 2134 At
1258 2115 1329 2135 vero
1353 2116 1431 2145 gens
1456 2106 1520 2141 illa,
1546 2108 1601 2137 ille

902 2146 1050 2185 populns,
1079 2146 1136 2176 illa
1168 2147 1291 2184 civitas,
1322 2148 1377 2178 illa
1408 2150 1599 2189 respublica,

902 2188 949 2217 illi
972 2189 1137 2226 lsraelitae,

938 2229 950 2248 ¹¹
964 2233 981 2247 “
995 2232 1124 2263 Quibus
1137 2232 1255 2262 credita
1266 2237 1340 2262 sunt
1355 2233 1490 2273 Eloquia
1503 2235 1598 2271 Dei,'’

900 2273 990 2303 nullo
1008 2275 1100 2304 modo
1126 2276 1437 2315 pseudo-prophetas
1454 2288 1526 2307 cum
1545 2289 1598 2307 ve-

900 2316 943 2345 ris
960 2317 1128 2356 Prophetis
1148 2318 1215 2357 pari
1232 2318 1361 2348 lieentia
1377 2320 1600 2357 confuderunt,

900 2359 954 2395 sed
979 2360 1151 2390 concordes
1174 2360 1256 2390 inter
1278 2372 1319 2398 se,
1338 2366 1433 2401 atque
1455 2363 1485 2392 in
1508 2364 1599 2393 nullo

900 2402 1135 2439 dissentientes,
1151 2414 1313 2434 sacrarum
1331 2404 1494 2435 literarum
1511 2416 1598 2436 vera-

900 2455 951 2475 ces
967 2445 1005 2475 ab
1023 2445 1067 2475 eis
1085 2447 1350 2486 agnoscebantur,
1369 2453 1399 2478 et
1413 2449 1600 2479 tenebantur

901 2492 1055 2518 auctores.

944 2530 950 2549 ἰ
977 2531 1007 2560 S.
1026 2531 1125 2570 Aug.,
1141 2531 1197 2561 lib.
1213 2532 1246 2562 ii.
1266 2537 1375 2562 contra
1401 2534 1508 2563 Gaud.
1529 2544 1596 2574 cap.

899 2575 949 2603 23.
971 2572 1026 2613 [al.
1045 2573 1097 2604 lib.
1112 2575 1131 2603 i.
1151 2584 1220 2614 cap.
1237 2576 1286 2604 31.
1299 2580 1373 2605 tom.
1392 2576 1432 2606 ix.
1451 2577 1509 2606 col.
1524 2578 1595 2606 6512

897 2617 1100 2646 ——Nostrum
1122 2622 1169 2647 cst
1185 2622 1302 2654 autem,
1320 2619 1403 2648 sicut
1424 2619 1598 2659 Apostolus

898 2659 1057 2695 admonet,
1067 2660 1173 2689 omnia
1187 2661 1330 2699 probare,
1342 2672 1414 2700 quae
1430 2662 1509 2691 bona
1523 2668 1598 2692 sunt

898 2709 1012 2737 tenere,
1029 2702 1067 2731 ab
1085 2702 1171 2731 omni
1193 2703 1297 2742 specie
1320 2704 1405 2733 mala
1428 2705 1595 2735 abstinero.

898 2743 959 2783 Et]
993 2745 1074 2774 hanc
1105 2745 1235 2784 quidem
1267 2746 1475 2786 Scripturam,
1506 2746 1596 2787 [quie

898 2786 1093 2826 appellatur]
1114 2788 1383 2825 Maccabaeorum,
1402 2800 1464 2819 non
1481 2790 1596 2820 habent

898 2829 1006 2858 Judaei
1031 2830 1113 2859 sicut
1139 2830 1271 2869 Legem,
1296 2837 1326 2861 et
1357 2832 1541 2871 Prophetas,
1566 2840 1596 2862 et

899 2871 1064 2907 l‘salmos;
1089 2873 1207 2911 quibus
1232 2874 1393 2903 Dominus
1417 2875 1595 2904 testimoni—

900 2924 954 2943 um
972 2914 1115 2953 perhibet
1127 2920 1279 2954 tanquam
1293 2917 1425 2946 testibus
1439 2917 1513 2952 suis,
1529 2916 1592 2955 [di-

900 2966 991 2986 cens:
1019 2959 1038 2973 ‘⁴
1051 2957 1226 2996 Oportebat
1241 2959 1366 2998 impleri
1387 2960 1502 2994 omnia,
1522 2970 1592 2998 qum¹

900 2999 1018 3038 scripta
1041 3004 1116 3030 sunt
1138 3000 1170 3030 in
1198 3000 1294 3040 Lege,
1314 3007 1345 3031 et
1370 3001 1546 3041 Prophetis,
1563 3007 1593 3030 ct
