1987 3244
535 211 601 249 tlze
627 211 765 249 Canon
786 209 835 261 of
847 211 912 250 the
935 209 1181 262 Scriptures.
1530 214 1585 254 67

121 312 320 366 volume,)
352 317 424 367 yet
454 315 740 355 nevertheless
771 315 873 369 they
904 330 1011 356 were
1043 317 1195 369 always
1226 317 1386 357 careful
1416 322 1460 358 to
1492 333 1584 370 pre-

123 395 240 422 serve
268 382 342 422 the
370 382 537 422 honour
567 382 614 422 of
640 383 714 423 the
738 383 921 424 Hebrew
944 390 1118 434 canonl’,
1142 384 1280 425 which
1309 385 1521 425 consisted
1545 387 1591 426 of

121 454 387 503 twenty-two
417 449 550 491 books
581 451 694 505 only,
719 450 904 506 divinely
931 452 1133 505 inspired,
1157 453 1242 493 and
1273 454 1513 507 accurately
1541 460 1586 494 to

123 516 383 570 distinguish
410 517 530 558 them
555 518 665 559 from
689 519 762 559 the
791 524 893 569 rest,
914 520 1051 560 which
1072 520 1156 560 had
1184 520 1264 560 but
1292 520 1588 561 ecclesiastical

122 585 341 638 authority
359 600 450 626 :—a
490 586 753 637 distinction,
790 588 928 628 which
969 603 1047 629 our
1088 589 1173 629 and
1210 589 1334 629 other
1374 589 1587 630 reformed

124 652 346 694 Churches
369 668 438 695 are
461 654 546 696 still
568 656 728 696 careful
748 661 793 697 to
814 657 922 710 keep
945 671 1001 711 up
1025 662 1068 698 at
1089 657 1175 698 this
1199 658 1293 712 day.

179 721 297 762 LIX.
333 722 375 763 S.
399 723 659 763 Athanasius
685 724 769 764 and
793 725 835 765 S.
860 725 976 779 Cyri]
997 740 1105 766 were
1133 726 1281 766 herein
1307 727 1500 767 followed
1528 726 1585 780 by

121 789 177 829 all
207 789 280 830 the
310 789 487 844 bishops
518 791 756 832 assembled
787 793 984 844 together
1014 793 1059 834 in
1088 793 1161 834 the
1193 793 1376 835 Council
1402 795 1450 835 of
1475 794 1584 835 Lao·
1604 804 1642 834 A.
1655 803 1695 833 D.
1711 804 1799 833 364³

121 856 251 907 dicea,
274 862 348 897 out
371 858 419 898 of
442 859 600 899 several
620 860 839 912 provinces
861 861 907 900 in
928 861 1077 902 Asiar:
1111 861 1247 902 which
1268 877 1352 902 was
1374 877 1397 902 a
1418 863 1585 903 council

120 926 206 966 had
235 925 280 966 in
308 927 412 967 such
442 942 667 969 reverence
699 929 784 969 and
814 929 1059 970 estimation
1090 930 1147 984 by
1172 931 1228 970 all
1258 945 1357 971 men
1387 931 1432 971 in
1463 932 1585 972 those

121 994 236 1034 elder
266 1009 364 1047 ages
394 995 623 1049 following,
654 997 750 1037 that
780 997 855 1038 the
891 1012 1051 1038 canons
1083 998 1131 1038 of
1160 998 1194 1038 it
1225 1013 1333 1039 were
1370 1000 1586 1052 generally

121 1062 309 1103 received
339 1063 431 1104 into
462 1064 536 1104 the
568 1064 708 1105 ‘Code
740 1066 788 1106 of
812 1066 886 1106 the
919 1065 1149 1107 Universal
1181 1067 1415 1117 Churchsf
1447 1068 1586 1108 where

121 1130 195 1170 the
216 1144 316 1184 year
337 1132 422 1171 364
441 1131 476 1171 is
499 1132 706 1185 specified,
730 1134 853 1174 when
873 1134 907 1175 it
928 1149 1011 1174 was
1032 1135 1145 1175 held.
1208 1135 1432 1185 Baronius,
1454 1136 1499 1175 in
1521 1136 1585 1176 his

124 1198 319 1249 Annalst,
341 1199 509 1254 placeth
533 1200 568 1240 it
599 1201 743 1242 before
773 1202 847 1242 the
879 1203 1051 1255 general
1082 1203 1248 1243 council
1270 1203 1317 1243 of
1342 1203 1463 1254 Nice,
1491 1203 1585 1256 (but

121 1265 324 1319 bringeth
358 1280 458 1321 very
495 1268 612 1308 weak
650 1274 900 1321 arguments
935 1275 981 1311 to
1016 1284 1143 1324 prove
1178 1270 1244 1311 his
1281 1271 1580 1326 chronology3)

1656 332 1750 352 TEST.

1626 373 1722 394 CENT.
1744 374 1787 394 lv.

167 1415 181 1434 Ρ
206 1410 258 1441 Ita
274 1410 443 1450 Origenes,
458 1411 489 1441 in
504 1411 563 1452 Ep.
578 1413 617 1442 ad
633 1413 698 1442 Jul.
714 1413 827 1450 Afric„

126 1453 388 1493 supplementum
413 1454 496 1484 Dan.
514 1456 598 1494 apud
616 1456 713 1485 LXX
729 1456 824 1486 inter-

125 1502 230 1534 pretes
253 1496 372 1531 haberi,
389 1501 420 1526 et
442 1497 473 1526 in
493 1497 649 1528 Ecclesiis
672 1498 737 1538 legi
761 1499 824 1534 ait3

127 1539 183 1568 sed
207 1540 400 1569 canonicum
429 1550 496 1570 esse
522 1541 673 1580 nuspiam
704 1542 825 1577 asserit,

126 1581 190 1610 imo
207 1582 322 1612 diserte
341 1586 437 1620 negat
457 1582 487 1612 in
504 1582 582 1612 locis
598 1593 694 1623 supra
710 1584 824 1614 citatis.

128 1623 218 1663 [Vid.
245 1624 345 1663 Orig.‚
371 1625 444 1664 Op„
467 1629 541 1655 tom.
567 1626 586 1655 i.
611 1636 640 1665 p.
670 1627 827 1656 lei—root

123 1665 229 1696 τοίνυν
251 1668 325 1706 πρὸς
348 1668 459 1702 ταῦτα,
483 1667 514 1697 τὶ
538 1667 601 1706 χρὴ
625 1667 705 1706 ἡμᾶς
728 1667 825 1707 προίτ-

125 1721 200 1743 τειν,
218 1709 252 1739 οὐ
269 1708 338 1749 περὶ
355 1712 418 1740 τῶν
436 1709 517 1740 κατὰ
532 1709 703 1742 Σωσάνναν
718 1710 824 1749 μόνον,

128 1752 160 1781 ἐν
173 1751 230 1789 μὲν
245 1754 288 1790 τῷ
313 1752 379 1782 καθ’
400 1750 566 1789 (Ἓλληνας
588 1754 747 1792 ἑλληνικῷ
764 1761 820 1794 φε-

127 1793 263 1833 ρομένων
294 1796 326 1825 ἐν
355 1793 442 1834 πάσῃ
484 1796 639 1836 ἐκκλησίᾳ
676 1799 824 1836 Χριστοῦ,

126 1837 208 1877 παρὰ
237 1836 270 1866 δὲ
300 1837 455 1877 Ἑβραίοις
484 1851 527 1876 μη
558 1838 717 1877 κειμενων·
756 1838 826 1870 οὐδὲ

125 1880 194 1918 περὶ
217 1881 289 1915 τῶν,
308 1881 347 1911 ὡς
371 1880 521 1920 ἔφασκες,
538 1881 646 1912 ἄλλων
666 1881 719 1912 δύο
740 1894 826 1921 περι-

127 1924 231 1952 κοπῶν
251 1924 315 1952 τῶν
340 1923 390 1953 ἐπὶ
413 1922 502 1953 τέλει
525 1925 582 1954 τοῦ
601 1924 740 1960 βιβλίου,
759 1925 829 1964 περί

126 1977 162 1994 τε
179 1967 242 1995 τῶν
258 1965 340 1995 κατὰ
359 1966 416 1995 τὸν
433 1966 500 2002 Βὴλ
524 1966 575 1996 καὶ
599 1966 655 1996 τὸν
672 1966 828 2007 δράκοντα

127 2007 421 2047 ἀναγεγραμμένων,
462 2009 529 2038 οὐδ’
567 2009 670 2038 αὐτῶν
712 2010 746 2039 ἐν
783 2011 827 2048 τῷ

129 2051 250 2086 Δανιὴλ
292 2052 354 2080 τῶν
399 2049 551 2090 Ἑβραίων
591 2051 827 2091 γεγραμμένων·

128 2093 214 2122 ἀλλὰ
230 2091 263 2122 δὲ
277 2092 345 2132 περὶ
368 2092 476 2122 ἄλλων
491 2092 613 2131 μυρίων,
632 2093 651 2124 ἃ
672 2094 752 2124 κατὰ
767 2094 827 2130 τὴν

127 2133 321 2174 μετριότητα
343 2134 429 2172 ἡμῶν
452 2136 516 2166 τοῖς
542 2135 717 2174 Ἑβραϊκοῖς
745 2147 825 2175 συγ-

129 2176 292 2217 κρίναντες
308 2176 514 2217 ἀντιγράφοις
530 2178 570 2208 τὰ
586 2178 732 2217 ἡμέτερα,
745 2186 825 2210 πολ-

129 2220 230 2250 λακοῦ
248 2220 433 2259 εὕρομεν...
448 2243 455 2249 .
473 2244 479 2251 .
498 2220 538 2250 τὰ
555 2219 588 2251 δὲ
604 2223 675 2260 παρ’
689 2221 762 2259 ἡμῖν
778 2222 829 2252 ἀν-

128 2261 280 2301 τίγραφα,
298 2262 339 2292 ὧν
356 2262 405 2292 καὶ
422 2262 478 2293 τὰς
493 2262 593 2302 λέξεις
610 2263 766 2302 ἐξεθέμην·
789 2265 828 2295 τὸ

128 2304 186 2342 μὲν
202 2304 239 2341 ἧν
256 2305 337 2335 κατὰ
352 2304 426 2336 τοὺς
443 2304 491 2336 O'·
513 2306 550 2336 τὸ
575 2306 634 2337 δὲ’
625 2305 656 2336 έτ
664 2319 733 2347 ερον
749 2308 829 2338 κατὰ

129 2346 336 2378 Θεοδοτιωνα·
360 2348 409 2378 καὶ
427 2349 532 2388 ὥσπερ
553 2349 624 2388 παρ’
642 2349 829 2390 ἀμφοτέροις

131 2389 234 2420 ἔκειτο
264 2391 302 2420 τὸ
332 2391 400 2430 περὶ
427 2390 486 2427 την
518 2391 696 2429 Σωσάνναν,
723 2394 762 2424 ὡς
789 2393 828 2423 σὺ

129 2432 201 2473 φῇς,
225 2432 366 2471 πλάσμα,
392 2433 442 2463 καὶ
467 2434 498 2464 αἱ
520 2437 702 2466 τελευταῖαι
727 2437 760 2466 ἐν
783 2438 829 2474 τῷ

129 2476 250 2512 Δανιηλ
275 2477 449 2516 περικυπαι
480 2477 560 2507 οὕτω
587 2478 638 2508 καὶ
667 2479 769 2509 ταῦτα
797 2480 830 2509 ἐν

131 2530 250 2555 ἔπεσίν,
281 2520 320 2549 ὥς
355 2521 533 2558 στοχασμῷ
564 2532 671 2557 Είπείν,
703 2520 829 2561 ΤυΎΧά·

131 2573 224 2592 νοντα
240 2560 417 2596 διακοσίοις,
435 2562 484 2592 καὶ
501 2562 584 2601 πρός.
592 2563 603 2603 ]

173 2612 187 2633 q
214 2604 369 2644 [Concilii
401 2604 574 2635 Laodiceni
605 2616 742 2637 canones
773 2607 828 2639 lix.

131 2666 242 2677 .....
239 2647 260 2676 ἦ
264 2647 479 2678 11.Chr.3(›'4.
526 2648 828 2679 Justollissiblioth.

131 2689 201 2719 Jur.
221 2689 298 2719 Can.
318 2690 398 2727 Vct„
416 2695 490 2720 tom.
507 2690 528 2720 i.
546 2701 575 2730 p.
593 2693 644 2721 49.
651 2693 829 2722 —Ccrtum

132 2731 230 2770 hujus
256 2733 391 2762 Concilii
420 2739 548 2772 tempus
578 2735 675 2764 statui
707 2736 828 2774 nequit.

134 2773 208 2804 Non
232 2775 352 2804 infelici
376 2776 559 2814 conj<ctura
582 2788 670 2813 usus,
690 2778 827 2808 Revere-

133 2817 205 2856 gius
236 2824 342 2847 noster
366 2819 548 2857 suspicatur
572 2820 651 2850 illud
685 2821 829 2860 ploximc

133 2864 204 2898 post
222 2860 447 2900 Illyricianum
472 2861 617 2892 habitum
640 2863 750 2898 fuisse,
767 2874 829 2893 non

134 2902 275 2940 quidem,
292 2904 375 2942 quod
391 2903 444 2933 ille
460 2903 573 2940 voluit,
587 2916 669 2935 anno
687 2908 758 2941 365,
777 2906 832 2936 sed

135 2943 186 2981 (ut
199 2955 295 2984 supra
308 2946 504 2986 notavimus)
519 2957 601 2979 anno
612 2949 830 2985 367.-Cave,

133 2991 207 3017 tom.
225 2987 244 3018 i.
262 2998 290 3028 p.
310 2987 400 3027 362]

930 1418 940 1432 Γ
955 1414 1083 1444 Titulus
1117 1415 1201 1454 apud
1237 1415 1372 1455 Dionys.
1408 1415 1586 1455 Exiguum.

889 1456 978 1497 [Vid.
998 1457 1132 1493 Concil.‚
1152 1457 1271 1492 Labbe,
1289 1462 1364 1487 tom.
1382 1458 1400 1488 i.
1420 1459 1477 1487 col.
1492 1461 1588 1489 5009.

885 1500 1045 1529 —Sancta
1055 1500 1207 1539 synodus,
1218 1510 1288 1539 quae
1300 1500 1384 1548 apud
1395 1501 1589 1531 Laodiceam

887 1542 1038 1581 Phrygiae
1052 1542 1076 1571 P
1080 1543 1234 1572 acatianae
1246 1543 1392 1573 convenit
1405 1554 1442 1573 ex
1455 1544 1505 1573 dix
1511 1545 1588 1574 ersis

886 1585 1104 1623 regionibus(‘
1113 1588 1286 1624 provinciis,
1292 1585 1389 1616 'Isid.
1399 1586 1586 1627 etHervet.)

886 1626 987 1663 Asiae,
1006 1628 1208 1658 definitiones
1225 1629 1383 1668 exposuit,
1402 1628 1478 1668 &c.]

929 1674 941 1690 s
967 1670 1077 1701 Codex
1109 1671 1279 1700 Canonum
1313 1670 1471 1701 Ecclesiae
1504 1672 1588 1702 Uni—

886 1723 997 1749 versae,
1016 1724 1034 1743 a
1052 1713 1221 1754 [Concilio
1247 1713 1512 1751 Cllalcedonensi,
1539 1714 1586 1754 et]

885 1755 1069 1787 Justiniano
1126 1756 1323 1796 Imperatore
1373 1757 1590 1788 confirmatus.

888 1796 987 1837 [Vide
1010 1799 1152 1837 Justell„
1176 1804 1251 1829 tom.
1276 1800 1295 1830 i.
1321 1810 1353 1839 p.
1370 1799 1439 1839 29.]
1489 1800 1589 1837 Infra,

887 1851 979 1871 num.
995 1852 1043 1873 xc.

931 1892 940 1908 t
967 1884 1083 1914 Baron.
1124 1884 1242 1914 Annal.
1286 1885 1319 1914 in
1358 1884 1516 1924 Append.‚
1549 1886 1590 1915 ad

888 1930 1013 1956 tomum
1038 1927 1077 1956 iv.
1105 1926 1151 1966 [p.
1177 1928 1249 1956 915.
1273 1929 1287 1965 ξ
1318 1927 1476 1958 7.—Sunt
1497 1928 1591 1967 plura

888 1972 1006 2005 tamen,
1025 1980 1096 2008 quae
1121 1974 1193 1998 ante
1213 1969 1384 1998 Nicaenum
1413 1971 1589 1999 concilium

887 2012 1100 2049 persuadeant
1114 2012 1198 2040 idem
1214 2011 1434 2041 Laodicenum
1448 2012 1588 2042 celebra-

887 2058 956 2082 tum
981 2064 1068 2084 esse:
1101 2055 1153 2084 sed
1178 2064 1279 2083 unum
1305 2054 1385 2083 illud
1409 2055 1441 2083 in
1466 2055 1588 2093 primis,

888 2096 983 2134 quod,
1002 2107 1076 2126 cum
1101 2101 1223 2126 constet
1246 2097 1433 2126 auctoritate
1460 2098 1492 2126 S.
1509 2097 1588 2127 Hie-

887 2139 1013 2178 ronymi
1056 2144 1219 2179 receptum
1262 2139 1294 2168 in
1340 2139 1475 2169 Nicaeno
1514 2150 1588 2169 con-

887 2181 959 2211 cilio
997 2182 1114 2212 librum
1151 2181 1276 2217 Judith,
1316 2182 1406 2220 (cnm
1442 2182 1474 2211 in
1510 2184 1590 2213 serie

888 2225 1115 2254 canonicorum
1163 2224 1328 2261 librorum,
1373 2236 1391 2254 a
1441 2225 1590 2255 Patribus

889 2267 1058 2297 Laodiceae
1088 2268 1301 2306 congregatis,
1331 2267 1416 2297 idem
1446 2267 1526 2297 liber
1552 2269 1590 2298 ab

888 2310 1082 2340 authenticis
1099 2310 1140 2339 sit
1156 2310 1315 2349 explosus,
1333 2321 1397 2340 una
1418 2320 1491 2340 cum
1508 2321 1588 2340 non-

888 2352 987 2382 nullis
1011 2352 1110 2391 aliis)
1128 2353 1257 2382 evidens
1281 2353 1375 2392 plane
1399 2358 1494 2392 atque
1518 2364 1589 2393 per-

889 2392 1036 2434 spicuum
1052 2395 1204 2431 redditur,
1222 2396 1339 2425 dictam
1358 2396 1590 2426 Laodicenscm

890 2439 1048 2477 synodum
1066 2439 1257 2468 celebratam
1276 2439 1374 2469 fuisse
1391 2444 1465 2468 ante
1478 2439 1589 2469 Nicae-

889 2490 972 2511 nam.
1015 2482 1099 2511 Nam
1115 2482 1274 2520 quomodo
1291 2483 1359 2511 ausi
1379 2482 1515 2511 fuissent
1528 2482 1590 2511 Ca-

890 2523 1016 2553 tholicae
1049 2524 1206 2554 Ecclesiae
1239 2525 1379 2564 episcopi
1412 2524 1590 2554 convellere

890 2576 963 2604 quae
980 2567 1012 2596 in
1031 2577 1149 2605 magno
1172 2567 1227 2596 illo
1244 2567 1440 2597 occnmcnico
1456 2568 1590 2597 concilio

890 2609 928 2638 dc
945 2610 1106 2639 canonicis
1123 2610 1210 2639 libris
1228 2610 1363 2640 fuissent
1378 2620 1496 2649 magna
1512 2621 1588 2640 con-

890 2651 1082 2682 sideratione
1109 2653 1259 2682 decreta?
1302 2652 1487 2691 I'ractcrca,]
1515 2663 1589 2682 cum

890 2695 1088 2733 reperiantur
1125 2696 1267 2734 quinque
1303 2706 1438 2725 canones
1470 2696 1586 2724 Laodi-

889 2738 993 2767 censis
1020 2739 1149 2768 concilii
1180 2739 1289 2767 eadem
1317 2737 1483 2777 [omnino]
1512 2749 1586 2767 con-

890 2779 988 2809 tinere
1005 2791 1076 2819 quan
1103 2781 1134 2810 in
1155 2781 1289 2810 concilio
1308 2781 1442 2810 Nic-:nno
1467 2786 1586 2810 statuta

891 2828 974 2857 sunt,
999 2834 1056 2852 ncc
1085 2824 1116 2853 in
1146 2824 1190 2853 eis
1219 2824 1284 2853 ulla
1309 2834 1439 2862 proi-sus
1467 2823 1586 2852 mentio

890 2864 1044 2894 habeatur
1060 2876 1219 2896 canonum
1246 2866 1452 2896 Nicaenoruni
1476 2866 1586 2895 eadcrn

891 2909 1110 2945 statuentium,
1125 2914 1349 2947 argnmcntum
1368 2914 1425 2943 cst,
1439 2914 1511 2937 ante
1527 2907 1584 2936 Ni-

891 2960 1019 2980 caenum
1037 2951 1207 2981 concilium
1221 2962 1256 2981 ea
1274 2962 1290 2981 a
1306 2952 1455 2981 Patribus
1473 2949 1585 2990 synodi

893 2991 1081 3024 Laodicenae
1098 2994 1225 3024 decreta
1240 2994 1337 3024 fuisse
1351 3007 1357 3029 ς
1382 2995 1440 3024 διο.

826 3046 895 3084 r2
