1987 3244
428 236 509 275 158

852 238 891 276 Α
914 238 1189 277 Scholastical
1205 237 1381 288 History
1405 236 1455 289 of

230 347 255 378 C
270 347 345 420 {7112}
356 348 391 379 P.
423 340 498 381 the
519 340 665 391 Firsty,
688 355 770 382 saw
791 342 885 382 that
906 342 1027 383 there
1047 356 1130 382 was
1165 346 1284 394 great
1307 356 1382 383 use
1402 346 1448 382 to
1471 341 1524 382 be
1550 341 1674 383 made
1695 342 1741 383 of
1759 342 1878 384 them

424 408 488 449 for
507 409 618 449 their
638 423 731 450 own
751 414 887 461 turns,
910 409 994 450 and
1016 414 1110 450 sent
1132 409 1250 450 them
1273 408 1428 450 abroad
1449 409 1543 449 into
1565 409 1641 449 the
1665 409 1795 449 world
1814 410 1879 450 for

423 547 503 580 tore,
526 543 704 579 fabricatas,
729 549 761 574 et
787 543 928 583 antiquis
958 543 1117 573 Romanae

422 586 511 615 urbis
524 587 728 626 pontificibus
741 586 863 615 circiter
876 596 997 615 annum
1006 585 1115 615 Chris-

423 628 518 658 tianae
535 629 663 669 epochae
680 628 980 667 octingentesimum
997 638 1116 668 suppo-

423 671 519 706 sitas;
555 671 632 701 adeo
661 671 746 700 enim
775 671 1010 711 perspicacibus
1041 671 1117 700 viris

421 713 579 743 deformes
609 714 767 749 videntur,
799 713 859 742 hoc
890 713 1003 743 saltem
1035 717 1116 742 tem-

420 765 507 794 pore,
523 760 560 785 ut
581 755 673 785 nulla
695 760 771 791 arte,
794 755 885 785 nulla
909 765 1045 791 cerussa,
1063 760 1117 785 aut

420 798 618 838 purpurisso,
636 799 736 828 fucari
752 798 892 837 possint;
918 797 994 837 &c.]

465 845 482 860 x
508 841 585 870 Can.
617 841 655 870 de
680 840 829 876 Libellis,
855 840 927 870 dist.
952 842 1013 875 203
1050 840 1117 870 Leo

420 882 510 922 Papa
536 883 594 913 IV.
626 883 783 923 episcopis
815 883 1116 913 Britanniae—De-

420 925 590 955 cretalium
616 926 737 965 regulae
765 926 922 955 habentur
947 925 1032 964 apud
1062 935 1118 955 nos

421 967 517 997 simul
536 978 607 997 cum
627 968 813 1003 canonibus,
827 969 1029 998 Sto—Anno
1044 969 1117 998 850,

423 1008 512 1047 [Vid.
524 1010 641 1039 Leonis
653 1010 750 1049 Papae
765 1011 823 1040 IV.
838 1010 941 1050 Epist.
957 1011 995 1040 ad
1008 1010 1116 1050 Episc.

421 1051 514 1086 Brit„
531 1062 580 1091 ap.
600 1052 722 1082 Concil.
744 1052 863 1089 Labbe,
880 1058 955 1082 tom.
974 1053 1038 1082 viii.
1057 1053 1115 1083 col.

419 1094 596 1133 32.—Cap.
628 1095 656 1124 6.
683 1095 733 1124 De
757 1094 874 1124 libellis
898 1099 928 1124 et
953 1105 1115 1124 commen-

419 1136 507 1165 tariis
538 1136 673 1166 aliorum
705 1146 769 1166 non
800 1137 947 1166 convenit
977 1137 1117 1176 aliquem

415 1178 571 1217 judicum,
591 1184 621 1208 et
637 1183 819 1208 sanctorum
837 1179 1046 1209 conciliorum
1063 1190 1116 1209 ca-

419 1230 517 1250 nones
539 1221 731 1260 relinquere,
755 1221 805 1251 vel
830 1221 1038 1251 decretalium
1069 1232 1119 1251 re-

418 1264 522 1302 gulas,
547 1264 579 1293 id
603 1268 659 1299 est,
677 1274 749 1303 quae
773 1264 928 1293 habentur
953 1264 1037 1303 apud
1061 1274 1119 1294 nos

419 1305 516 1335 simul
541 1316 615 1335 cum
638 1306 706 1335 illis
729 1306 761 1335 in
786 1316 917 1342 canone,
941 1311 972 1336 et
1002 1306 1118 1345 quibus

418 1348 449 1376 in
475 1349 624 1378 omnibus
639 1348 863 1378 ecclesiasticis
886 1348 1010 1378 utimur
1027 1349 1117 1388 judi-

419 1390 486 1427 ciis,
509 1391 542 1420 id
566 1396 623 1426 est,
649 1391 890 1430 Apostolorum,
907 1391 1117 1429 Nicenorum‚

420 1433 676 1473 Ancyranorum,
689 1433 1012 1469 Neoeaesariensium‚
1027 1434 1116 1463 Gan-

418 1476 594 1514 grensium,
624 1476 903 1511 Antiochensium,
936 1476 1115 1506 Laodicen-

419 1518 514 1553 sium,
530 1518 851 1555 Chalcedonensium,
867 1518 1116 1556 Sardicensium,

420 1560 736 1599 Carthaginensium,
770 1561 1052 1590 Africanensium:
1086 1566 1117 1591 et

420 1613 495 1631 cum
518 1603 583 1632 illis
606 1603 726 1642 regulae
752 1602 934 1632 Praesulum
951 1603 1114 1633 Romano-

422 1654 504 1680 rum,
531 1645 686 1681 Silvestri,
711 1645 825 1681 Siricii,
845 1645 1038 1680 Innocentii‚
1056 1646 1117 1675 Zo-

424 1687 508 1722 simi,
519 1687 697 1723 Caelestini,
709 1687 836 1723 Leonis,
848 1687 979 1723 Gelasii,
989 1687 1121 1725 Hilarii,

424 1729 622 1769 Symmachi,
663 1730 829 1769 Simplicii.
895 1729 955 1759 Isti
991 1731 1120 1760 omnino

423 1777 508 1808 sunt,
524 1782 579 1811 per
594 1782 674 1811 quos
687 1773 835 1812 judicant
850 1772 1001 1812 episcopi,
1017 1777 1048 1802 et
1064 1783 1120 1812 per

423 1825 502 1853 quos
534 1815 674 1854 episcopi
706 1815 803 1844 simul
834 1819 865 1844 et
896 1814 1003 1844 clerici
1031 1815 1118 1854 judi-

422 1861 543 1886 cantur.
606 1857 702 1893 Nam,
729 1857 755 1886 si
785 1857 847 1886 tale
878 1858 1040 1887 emerserit
1069 1858 1119 1887 vel

422 1899 593 1938 contigerit
615 1899 804 1929 inusitatum
835 1900 1010 1938 negotium,
1035 1900 1120 1939 quod

422 1941 555 1971 minime
579 1947 684 1981 posset
707 1952 762 1981 per
784 1941 862 1971 istos
878 1941 972 1978 finiri,
988 1947 1075 1978 tunc,
1093 1943 1119 1972 si

420 1983 551 2013 illorum
567 1994 703 2023 quorum
718 1984 911 2013 meministis
926 1984 1021 2021 dicta,
1038 1985 1116 2014 Hie-

423 2026 559 2065 ronymi,
571 2026 760 2065 Augustini,
773 2026 900 2063 Isidori,
915 2027 985 2063 &c.,
1003 2050 1010 2057 .
1022 2051 1029 2057 .
1043 2049 1051 2056 .
1069 2037 1116 2056 re-

423 2073 512 2107 perta
530 2069 659 2104 fuerint,
676 2069 924 2108 magnanimiter
947 2074 1023 2099 sunt
1040 2070 1116 2099 reti-

423 2111 527 2140 nenda
562 2122 598 2140 ac
631 2111 877 2150 promulganda,
908 2112 1117 2142 &c—Conf.

425 2153 572 2183 Gratiani
597 2154 722 2184 Decret.
749 2154 832 2183 Dist.
858 2164 909 2184 xx.
928 2164 996 2185 can.
1016 2156 1043 2191 1,
1068 2165 1116 2194 ap.

424 2195 518 2276 Cor]p.
558 2196 626 2225 Jur.
672 2196 761 2233 Can„
800 2200 877 2226 tom.
912 2197 931 2227 i.
972 2207 1022 2236 pp.
1066 2198 1116 2233 95,

465 2286 479 2305 y
506 2279 541 2308 C.
568 2279 601 2308 Si
625 2279 774 2315 Roman,
800 2280 883 2310 Dist.
907 2281 971 2311 xix,
1019 2280 1117 2310 Nico-

422 2320 494 2349 laus
518 2320 606 2360 Papa
631 2321 656 2351 Ι.
682 2322 850 2361 Episcopis
876 2323 1117 2352 Galliae—De-

422 2362 554 2392 cretales
582 2364 722 2402 epistolae
749 2364 813 2393 vim
839 2365 1036 2394 auctoritatis
1061 2365 1117 2394 ha-

422 2405 516 2434 bent:
534 2428 540 2435 .
563 2427 570 2434 .
586 2428 593 2434 .
612 2415 807 2444 quamquam
831 2407 961 2444 quidam
978 2411 1118 2436 vestrum

422 2447 616 2487 scripserint,
633 2448 717 2477 haud
741 2448 797 2477 illa
813 2448 981 2477 decretalia
996 2449 1115 2487 prisco-

422 2499 494 2519 rum
511 2490 699 2529 pontificum
716 2491 749 2520 in
767 2495 832 2519 toto
855 2500 1013 2519 canonum
1030 2491 1115 2520 codi-

424 2532 468 2561 cis
484 2542 613 2571 corpore
636 2533 801 2568 contineri,
818 2555 824 2562 .
843 2555 849 2561 .
867 2555 874 2561 .
892 2537 922 2562 et
945 2533 985 2561 ad
1008 2533 1115 2561 immi-

424 2574 588 2603 nutionem
619 2575 701 2604 sedis
727 2574 920 2614 Apostolicae
952 2575 1117 2614 potestatis

425 2638 432 2644 .
452 2638 458 2645 .
475 2639 481 2644 .
500 2617 705 2655 prohibeant3
725 2617 1007 2647 δια-1111110860.
1024 2616 1112 2656 [Vid.

424 2657 543 2693 Labbe,
568 2664 642 2689 tom.
667 2659 732 2689 viii.
757 2659 815 2689 col.
841 2659 1004 2691 799.—Et
1022 2660 1112 2689 Conf.

426 2700 508 2730 Dist.
529 2701 592 2730 xix.
614 2712 682 2740 cap.
706 2702 726 2731 i.
744 2702 889 2731 Gratiani
912 2702 1050 2737 Decret„
1065 2711 1113 2741 ap.

425 2742 519 2781 Corp.
543 2743 611 2772 Jur.
637 2744 726 2779 Can.,
751 2751 828 2773 tom.
854 2744 874 2773 i.
900 2744 957 2774 col.
983 2745 1033 2773 85.
1066 2744 1117 2774 ed.

428 2785 740 2816 1612.—-Decrelales
758 2787 888 2825 episloloe
908 2788 965 2816 vim
981 2788 1113 2816 auctori-

425 2829 499 2856 tatis
520 2829 640 2857 habent.
688 2829 732 2865 Si,
752 2828 971 2858 Romanorum
987 2828 1112 2867 pontifi-

425 2879 499 2898 cum
516 2869 650 2905 decret0‚
665 2876 850 2900 caeterorum
861 2871 1015 2910 opuscula
1031 2875 1113 2900 trac-

422 2916 560 2941 tatorum
584 2912 798 2951 approbantur
823 2913 873 2942 vel
896 2913 1115 2953 reprobantur,

422 2953 466 2983 ita
482 2958 527 2990 ut,
545 2954 629 2993 quod
649 2954 737 2984 sedes
755 2955 939 2993 Apostolica
960 2956 1115 2994 probavit,

420 2995 516 3026 hodie
539 3002 683 3027 teneatur
706 3002 883 3036 acceptum,
900 3002 931 3027 et
954 2998 1039 3036 quod
1061 2997 1117 3027 illa

1175 543 1304 582 repulit,
1335 543 1491 573 hactenus
1527 543 1675 573 inefficax
1709 543 1875 580 habeatur,

1177 590 1296 624 quanto
1320 585 1436 625 potius,
1455 595 1526 625 quae
1550 585 1618 625 ipsa
1640 595 1696 625 pro
1720 586 1877 616 catholica

1178 628 1268 664 Fide,
1288 638 1345 667 pro
1369 628 1452 658 fanis
1475 628 1675 667 dogmaticis,
1700 638 1757 667 pro
1780 629 1877 658 variis

1177 676 1208 700 et
1230 670 1417 700 multifariis
1432 670 1592 700 Ecclesiae
1618 671 1877 708 necessitatibus,

1177 718 1208 743 et
1232 713 1377 743 fidelium
1406 713 1559 749 moribus,
1584 712 1707 743 diverso
1734 718 1876 752 tempore

1177 755 1315 795 scripsit,
1332 755 1420 785 omni
1444 755 1560 785 debent
1581 755 1700 785 honore
1720 755 1875 795 praeferri,

1177 803 1208 827 et
1231 799 1270 827 ab
1294 798 1442 827 omnibus
1466 807 1608 837 prorsuS,
1623 797 1654 827 in
1681 798 1877 837 quibuslibet

1177 840 1481 880 opportunitatibuS,
1506 840 1703 876 discretione,
1728 840 1776 870 vel
1808 840 1875 870 dis-

1176 883 1372 922 pensatione,
1386 883 1541 922 magistra
1550 882 1725 912 reverentia
1737 883 1874 912 assumi!

1178 924 1385 964 Quamquam
1412 925 1543 964 quidam
1565 929 1708 954 vestrum
1738 925 1872 964 scripse-

1177 967 1252 1004 rint,
1282 968 1369 997 haud
1399 968 1454 997 illa
1492 967 1661 997 decretalia
1697 967 1874 1006 priscorum

1176 1010 1364 1049 pontificum
1395 1010 1427 1039 in
1457 1015 1522 1039 toto
1561 1019 1719 1039 canonum
1757 1010 1874 1039 codicis

1176 1062 1306 1092 corpore
1330 1052 1485 1082 contineri
1508 1052 1681 1091 descripta;
1707 1062 1779 1081 cum
1801 1052 1873 1091 ipsi,

1176 1095 1229 1125 ubi
1246 1095 1316 1125 haec
1342 1105 1408 1124 suae
1432 1094 1601 1124 intentioni
1619 1094 1785 1133 suffragari
1799 1104 1874 1124 con-

1177 1137 1329 1176 spiciunt,
1347 1137 1412 1167 illis
1437 1137 1654 1166 indifferenter
1678 1140 1821 1172 utantur,
1845 1142 1874 1167 et

1177 1179 1283 1209 solum
1313 1189 1400 1209 nunc
1431 1179 1470 1209 ad
1501 1179 1761 1209 imminutionem
1793 1179 1875 1209 sedis

1178 1222 1375 1261 Apostolicae
1404 1221 1582 1261 potestatis,
1610 1226 1641 1251 et
1672 1221 1711 1250 ad
1743 1231 1872 1251 suorum

1178 1269 1389 1303 augmentum
1414 1263 1662 1303 privilegiorum,
1688 1263 1796 1292 minus
1825 1275 1874 1294 ac-

1178 1314 1267 1346 cepta
1284 1317 1351 1336 esse
1367 1306 1561 1346 perhibeant.
1576 1328 1582 1335 .
1597 1328 1603 1335 .
1616 1328 1623 1334 .
1638 1305 1737 1343 (Item
1755 1306 1838 1335 infra
1848 1306 1873 1347 :)

1179 1349 1212 1378 Si
1237 1349 1307 1378 ideo
1330 1359 1393 1378 non
1421 1359 1490 1378 esse
1519 1348 1691 1378 decretales
1724 1348 1875 1388 epistolas

1176 1391 1355 1431 priscorum
1372 1391 1562 1430 pontificum
1578 1391 1800 1420 Romanorum
1816 1391 1871 1421 ad-

1176 1434 1349 1464 mittendas
1365 1434 1487 1469 dicunt,
1503 1433 1578 1473 quia
1598 1433 1630 1462 in
1653 1433 1760 1462 codice
1781 1443 1876 1463 cano-

1176 1486 1256 1506 num
1272 1486 1336 1506 non
1350 1476 1508 1506 habentur
1528 1475 1709 1515 adscriptae,
1724 1486 1798 1515 ergo
1814 1486 1873 1506 nec

1177 1519 1279 1548 sancti
1297 1518 1456 1558 Gregorii,
1470 1528 1528 1548 nec
1552 1518 1651 1548 ullius
1672 1517 1802 1547 alterius
1817 1519 1873 1558 qui

1176 1566 1249 1591 ante
1272 1561 1323 1591 vel
1346 1566 1419 1601 post
1441 1561 1548 1600 ipsum
1578 1561 1649 1596 fuit,
1675 1565 1722 1590 est
1745 1560 1873 1600 aliquod

1176 1604 1363 1633 institutum
1386 1603 1436 1632 vel
1461 1603 1616 1642 scriptum
1642 1603 1873 1642 recipiendum,

1177 1655 1213 1675 eo
1227 1646 1311 1685 quod
1333 1646 1366 1675 in
1391 1645 1497 1675 codice
1521 1655 1679 1675 canonum
1700 1655 1762 1675 non
1775 1645 1872 1675 habe-

1177 1692 1249 1718 atur
1263 1688 1469 1727 adscriptum.
1516 1688 1605 1726 Ergo
1626 1687 1801 1717 doctrinam
1818 1698 1872 1717 eo-

1176 1735 1300 1766 rum‚et
1313 1731 1503 1766 sanctiones,
1514 1739 1586 1769 quae
1602 1730 1640 1758 ab
1657 1729 1743 1759 omni
1759 1729 1872 1769 lingua

1177 1777 1378 1809 venerantur,
1408 1772 1481 1811 quia
1514 1772 1547 1801 in
1576 1771 1683 1801 codice
1712 1782 1872 1802 canonum

1178 1825 1240 1844 non
1261 1815 1417 1844 habentur
1441 1814 1622 1853 adscriptae,
1645 1814 1683 1843 de
1709 1814 1871 1844 codicibus

1179 1858 1244 1887 suis
1261 1857 1399 1887 eradant.
1446 1857 1493 1886 Ut
1509 1856 1586 1895 quid
1602 1856 1652 1885 vel
1669 1856 1870 1887 membranas

1178 1905 1346 1939 occupant,
1359 1903 1529 1939 postquam
1552 1908 1615 1928 11011
1639 1899 1795 1928 habentur
1818 1909 1870 1929 ac-

1178 1943 1301 1982 ceptae?
1364 1942 1426 1971 Sed
1460 1951 1556 1980 quare
1585 1941 1726 1970 multum
1753 1941 1869 1971 immo-

1177 1994 1298 2020 ramur,
1319 1994 1392 2014 cum
1417 1993 1474 2013 nec
1496 1983 1580 2022 ipsas
1603 1983 1739 2013 Divinas
1762 1983 1872 2023 Scrip-

1178 2032 1266 2056 turas
1280 2026 1406 2056 Veteris
1429 2030 1460 2056 et
1482 2025 1567 2055 Novi
1584 2025 1781 2056 Testamenti
1801 2027 1870 2065 jam

1177 2069 1377 2109 recipiemus,
1401 2069 1426 2098 si
1456 2069 1533 2098 istos
1563 2068 1749 2098 duxerimus
1779 2069 1869 2098 audi-

1177 2112 1296 2142 endos?
1352 2111 1484 2141 Etenim
1512 2115 1662 2140 neutrum
1692 2110 1805 2140 horum
1836 2111 1871 2141 in

1177 2154 1285 2184 codice
1297 2163 1457 2183 canonum
1469 2153 1755 2182 ecclesiasticorum
1773 2154 1869 2183 habe-

1176 2201 1229 2226 tur
1242 2197 1408 2226 insertum.
1443 2195 1505 2225 Sed
1521 2195 1703 2235 responsuri
1717 2200 1792 2225 sunt
1806 2196 1870 2232 isti,

1177 2239 1232 2278 qui
1248 2249 1311 2268 non
1324 2239 1363 2268 ad
1379 2238 1589 2268 obediendum
1602 2238 1707 2277 potius
1719 2248 1815 2277 quam
1831 2239 1869 2268 ad

1177 2281 1391 2311 resistendum
1420 2290 1545 2320 semper
1574 2285 1650 2310 sunt
1677 2280 1789 2320 parati,
1821 2281 1868 2310 di-

1178 2328 1295 2360 centes,
1320 2323 1404 2363 quod
1423 2323 1506 2352 inter
1535 2332 1670 2352 canones
1692 2322 1872 2352 inveniatur

1178 2366 1353 2405 capitulum
1378 2365 1478 2395 sancti
1494 2365 1590 2404 Papae
1610 2364 1798 2400 Innocentii,
1815 2375 1871 2394 cu-

1174 2408 1229 2446 jus
1244 2408 1432 2437 auctoritate
1449 2408 1599 2437 doceatur
1608 2417 1626 2436 a
1638 2407 1730 2436 nobis
1742 2412 1870 2437 utrum-

1177 2460 1238 2488 que
1272 2454 1499 2479 testamentum
1535 2459 1603 2478 esse
1640 2449 1868 2489 recipiendum,

1176 2501 1373 2530 quamquam
1389 2491 1422 2520 in
1445 2491 1524 2531 ipsis
1538 2492 1678 2530 paternis
1695 2491 1869 2521 canonibus

1175 2533 1303 2562 nullum
1320 2543 1429 2562 eorum
1453 2543 1493 2562 ex
1515 2538 1581 2562 toto
1604 2533 1803 2562 contineatur
1818 2533 1867 2563 in-

1176 2581 1306 2605 sertum.
1355 2575 1483 2605 Quibus
1506 2575 1545 2603 ad
1569 2575 1639 2603 haec
1662 2576 1869 2605 asserendum

1173 2622 1229 2653 est,
1247 2617 1397 2656 quoniam
1414 2617 1439 2645 si
1454 2616 1554 2645 Vetus
1577 2616 1771 2655 Novumque
1788 2617 1871 2646 Tes-'

1172 2664 1351 2689 tamentum
1376 2659 1556 2698 recipienda
1586 2662 1669 2694 sunt,
1694 2668 1757 2688 non
1784 2660 1868 2698 quod

1173 2701 1274 2732 codici
1293 2711 1453 2731 canonum
1475 2711 1514 2730 ex
1537 2705 1603 2730 toto
1617 2701 1794 2730 habeantur
1809 2712 1865 2731 an-

1173 2754 1265 2778 nexa,
1279 2743 1334 2772 sed
1350 2743 1434 2783 quod
1452 2743 1489 2772 de
1500 2742 1550 2772 his
1560 2743 1749 2782 recipiendis
1766 2744 1866 2773 sancti

1173 2786 1269 2825 Papae
1295 2785 1473 2815 Innocentii
1494 2784 1617 2824 prolata
1638 2785 1785 2815 videatur
1800 2796 1869 2816 esse

1174 2828 1339 2863 sententia,
1355 2832 1453 2857 restat
1475 2827 1629 2856 nimirum
1652 2828 1738 2867 quod
1760 2828 1866 2857 decre-

1173 2871 1253 2901 tales
1276 2870 1417 2909 epistolae
1435 2869 1654 2899 Romanorum
1678 2870 1866 2909 pontificum

1175 2917 1249 2943 sunt
1264 2912 1464 2952 recipiendae,
1478 2912 1602 2941 etiamsi
1616 2922 1677 2941 non
1694 2912 1756 2941 sint
1767 2912 1867 2942 codici

1175 2965 1332 2985 canonum
1347 2954 1577 2994 compaginatae
1590 2967 1596 2989 ;
1621 2955 1771 2993 quoniam
1784 2954 1867 2984 inter

1174 2999 1260 3038 ipsos
1275 3007 1410 3027 canones
1433 3007 1535 3026 unum
1552 2996 1589 3027 B.
1607 2996 1725 3026 Leonis
1741 2996 1864 3035 capitu-
