1987 3244
517 203 583 242 the
608 203 746 242 Canon
767 201 816 254 of
827 202 894 240 the
916 202 1162 252 Scriptures.
1511 203 1563 242 65

107 309 326 349 canonica]
358 308 490 349 books
522 309 569 349 of
601 308 832 361 Scripture,
864 322 947 348 was
978 307 1052 348 the
1089 321 1203 347 same
1240 312 1283 348 at
1315 308 1565 359 Jerusalem,

107 376 202 416 that
225 377 386 430 Origen
414 376 499 416 and
522 377 564 416 S.
582 375 844 416 Athanasius
871 389 974 428 gave
998 380 1044 415 to
1069 375 1201 415 theirs
1231 379 1273 415 at
1294 375 1566 426 Alexandria,

107 455 232 495 every
272 456 362 494 way
398 441 599 494 agreeing
638 440 742 481 with
783 440 905 481 other
946 440 1165 480 Churches
1207 440 1365 480 abroad
1408 441 1454 480 111
1494 441 1568 480 the

107 508 291 549 number
312 509 397 549 and
424 523 571 549 names
593 509 640 549 of
664 509 783 548 them
805 509 871 549 all.
936 508 1050 561 Only
1071 507 1145 548 the
1177 522 1302 548 name
1324 508 1371 548 of
1397 508 1568 548 Baruch

110 577 262 629 (which
282 577 317 617 is
338 582 414 617 not
435 577 508 617 the
530 577 825 618 controverted
846 576 959 617 book
980 577 1028 617 of
1043 577 1229 630 Baruch)
1254 577 1289 617 is
1311 577 1447 617 added
1468 577 1568 618 here

104 650 150 686 to
176 646 361 700 Jeremy,
390 646 571 686 because
601 646 656 686 he
686 646 720 686 is
752 660 797 686 so
828 646 947 686 often
977 646 1240 695 mentioned,
1270 646 1355 686 and
1385 646 1491 686 hath
1522 661 1568 686 so

105 719 225 766 great
247 729 271 754 a
290 719 385 767 part
406 715 451 754 in
474 715 569 755 that
596 715 823 768 prophecy.
885 715 973 755 But
997 715 1040 754 S.
1065 715 1182 768 Cyril
1212 715 1359 754 makes
1387 714 1465 754 but
1487 729 1567 755 oue

103 781 217 822 book
238 783 285 822 of
302 783 417 823 them
439 782 556 832 both,
575 783 746 836 joining
766 783 840 823 the
857 783 1182 822 Lamentations
1204 782 1289 823 and
1310 783 1383 823 the
1404 783 1567 836 Epistle

104 850 152 890 of
177 851 350 904 Jeremy
371 851 472 891 with
493 851 527 891 it
556 851 749 891 besides:
782 855 828 891 to
856 851 1064 904 complete
1090 850 1191 903 (and
1220 855 1297 891 not
1318 855 1363 891 to
1394 851 1563 904 exceed)

104 918 178 959 the
199 919 383 959 number
403 920 451 960 of
473 924 738 972 twenty-two
758 919 893 960 books
914 919 960 959 in
981 919 1050 959 all.
1114 919 1209 968 For,
1232 919 1471 960 howsoever
1491 920 1566 960 the

104 986 275 1027 ancient
306 1001 487 1027 manner
517 988 565 1028 of
589 987 781 1040 dividing
811 987 896 1027 and
927 986 1128 1039 ordering
1157 987 1277 1027 them
1308 1002 1390 1028 was
1422 988 1563 1028 other-

103 1054 248 1094 whiles
270 1054 513 1095 sometimes
536 1054 733 1095 different
764 1055 874 1095 from
905 1069 985 1095 one
1016 1055 1209 1105 another,
1230 1059 1302 1109 yet
1323 1055 1397 1095 the
1428 1055 1562 1095 books

102 1123 367 1173 themselves,
400 1123 485 1164 and
515 1124 589 1164 the
619 1124 803 1165 number
833 1125 880 1165 of
905 1124 1036 1175 them,
1069 1138 1177 1165 were
1210 1125 1295 1164 still
1327 1125 1400 1165 the
1432 1139 1560 1165 same.

103 1191 184 1232 We
220 1192 325 1232 have
360 1192 473 1232 cited
511 1191 553 1232 S.
587 1192 738 1246 Cyril's
773 1193 1007 1246 testimony
1041 1193 1143 1233 here
1179 1197 1223 1232 at
1258 1193 1375 1246 large
1408 1194 1454 1233 111
1486 1194 1561 1234 the

103 1259 270 1313 margin
286 1276 298 1309 ;
330 1259 481 1308 where,
513 1260 622 1313 (that
654 1274 714 1300 we
745 1275 843 1314 may
870 1265 947 1300 not
977 1260 1159 1301 mistake
1192 1261 1312 1313 him‚)
1349 1261 1472 1302 when
1505 1262 1559 1302 he

105 1403 303 1443 Nehemiae,)
332 1414 416 1434 unus
444 1410 619 1444 reputatus.
683 1405 803 1435 Esther

106 1446 166 1484 (ita
195 1456 278 1486 saepe
309 1448 567 1487 computabatur)
594 1449 802 1478 duodecimus

105 1489 185 1518 liber
205 1494 271 1523 est;
296 1496 326 1519 et
348 1490 382 1519 hi
399 1490 527 1529 quidem
551 1491 692 1520 historici
717 1497 800 1520 sunt.

105 1531 221 1571 Scripti
246 1536 353 1562 autem
382 1533 524 1562 versibus
551 1538 626 1563 sunt
650 1534 801 1572 quinque,

100 1574 172 1609 Job,
198 1574 277 1603 liber
300 1575 514 1611 Psalmorum,
532 1575 713 1612 Proverbia,
738 1576 802 1606 Ec-

102 1616 275 1653 clesiastes‚
307 1622 338 1647 et
374 1617 546 1647 Canticum
581 1618 800 1655 Canticorum,

102 1659 157 1698 qui
173 1659 252 1688 liber
268 1664 316 1689 est
333 1660 488 1697 septimus
505 1661 658 1690 decimus.
695 1661 798 1691 Acce-

101 1702 181 1731 dunt
196 1702 235 1731 ad
252 1702 308 1731 hos
325 1703 467 1743 quinque
482 1703 662 1743 Prophetici
676 1716 682 1733 :
707 1704 798 1733 Duo-

101 1744 205 1774 decim
222 1745 450 1784 prophetarum
466 1745 546 1775 liber
561 1757 663 1777 unus:
690 1747 799 1777 Esaiae

101 1797 203 1822 u11us;
238 1792 269 1817 et
293 1788 441 1818 Jeremiae
467 1799 542 1818 cum
569 1789 708 1824 Baruch,
733 1790 798 1819 La-

100 1830 361 1867 mentationibus,
399 1836 430 1861 et
471 1831 640 1871 Epistola:
686 1833 799 1863 deinde

101 1871 275 1902 Ezechiel:
300 1877 369 1903 tum
394 1874 523 1910 Daniel,
547 1875 602 1914 qui
625 1875 800 1914 vigesimus

102 1916 263 1945 secundus
279 1921 327 1946 est
336 1916 373 1946 V.
387 1917 422 1947 T.
436 1917 522 1946 Novi
537 1922 655 1953 autem,
674 1918 730 1947 διο.

102 1956 234 1997 Reliqui
267 1969 377 1988 omnes
409 1959 564 1995 extranei,
595 1960 799 1999 secundoque

103 1999 172 2030 loco
188 2001 383 2037 habeantur;
400 2006 431 2031 et
447 2002 501 2041 qui
518 2002 550 2031 111
564 2002 719 2031 Ecclesiis
736 2012 799 2031 11011

99 2042 262 2082 leguntur,
276 2054 328 2073 eos
345 2054 455 2073 omnes
471 2054 572 2083 neque
588 2048 683 2083 perte
699 2045 797 2083 legas,

100 2086 372 2124 quemadmodum
388 2087 515 2116 audisti.
547 2087 596 2116 Ac
612 2087 649 2116 de
664 2087 712 2116 his
728 2087 799 2126 qui-

102 2128 175 2157 dem
191 2128 356 2158 hactenus.

147 2170 179 2209 [ᾗ
209 2172 259 2200 33.
291 2171 393 2200 ταῦτα
426 2169 459 2200 δὲ
489 2169 690 2201 διδάσκουσιν
721 2170 801 2209 ἡμᾶς

102 2213 134 2242 αἶ
173 2211 376 2243 θεόπνευστοι
413 2214 531 2253 γραφαὶ
568 2216 626 2250 τῆς
664 2215 800 2245 παλαιᾶς

99 2267 136 2285 τε
165 2255 215 2285 καὶ
245 2257 351 2291 καινῆς
383 2255 528 2292 διαθήκης
554 2280 561 2286 .
577 2279 584 2286 .
606 2280 612 2287 .
629 2280 635 2287 .
669 2257 720 2286 καὶ
744 2263 795 2296 φι-

100 2299 244 2335 λομαθῶς
275 2296 428 2335 ἐπίγνωθι,
459 2299 509 2329 καὶ
541 2299 624 2339 παρὰ
654 2301 712 2335 τῆς
743 2300 794 2330 ἐκ-

100 2340 245 2376 κλησίας,
276 2341 360 2370 ποῖαι
389 2339 446 2378 μέν
481 2341 559 2371 εἶσιν
589 2343 620 2372 αἱ
648 2343 706 2378 τῆς
735 2354 791 2372 πα-

101 2383 192 2413 λαιᾶς
223 2383 369 2419 διαθήκης
404 2382 524 2421 βίβλοι,
555 2387 640 2415 ποῖαι
675 2383 707 2414 δὲ
737 2385 796 2421 τὴς

101 2426 216 2461 καινῆς.
253 2424 304 2456 καί
325 2438 377 2463 μοι
401 2425 498 2464 μηδὲν
525 2429 588 2457 τῶν
610 2426 796 2467 ἀποκρύφων

100 2467 308 2506 ἀναγίνωσκε·
332 2491 339 2498 .
355 2492 362 2499 .
382 2491 389 2498 .
405 2492 412 2498 .
431 2468 626 2507 ἀναγίνωσκε
642 2469 698 2500 τὰς
713 2469 796 2500 θείας

99 2510 234 2550 γραφὰς,
264 2510 321 2541 τὰς
355 2510 454 2542 εἴκοσι
486 2511 538 2542 δύο
574 2512 709 2548 βίβλους
738 2514 796 2549 τῆς

99 2553 235 2583 παλαιᾶς
258 2553 403 2590 διαθήκης
424 2554 551 2591 ταύτας,
574 2555 629 2586 τὰς
654 2555 711 2585 ὑπὸ
734 2557 797 2585 τῶν

101 2595 319 2634 ἑβδομήκοντα
347 2595 400 2626 δύο
426 2598 620 2637 ἑρμηνευτῶν
647 2598 795 2637 ἑρμηνευ-

101 2638 216 2669 θείσας.

155 2682 169 2718 §
203 2682 252 2711 35.
285 2680 406 2711 τούτων
446 2682 501 2713 τὰς
536 2683 634 2713 εἴκοσι
665 2682 718 2713 δύο
746 2685 796 2717 βι-

101 2724 200 2757 βλους
216 2723 423 2762 ἀναγίνωσκε·
446 2725 520 2764 πρὸς
533 2724 565 2755 δὲ
577 2725 617 2755 τὰ
633 2724 798 2765 ἀπόκρυφοι

100 2764 197 2802 μηδὲν
212 2764 269 2804 ἔχε
286 2767 397 2797 κοινὸν.
421 2767 538 2799 ταύτας
560 2768 655 2805 μόνας
677 2767 798 2806 μελέτα

102 2807 285 2844 σπουδαίως,
317 2808 352 2840 ἅς
382 2810 415 2839 ἐν
447 2810 497 2841 καὶ
530 2810 684 2850 ἐκκλησίᾳ
713 2810 794 2848 μετὰ

100 2849 272 2888 παῤῥησίας
301 2850 574 2891 ἀναγινώσκομεν.
619 2851 702 2883 πολύ
736 2864 794 2882 σου

101 2892 330 2931 φρονιμώτεροι,
348 2894 397 2924 καὶ
418 2895 642 2935 εὐλαβέστεροι
658 2895 748 2931 ἦσαν,
766 2895 795 2925 οἱ

101 2931 276 2964 ἀπόστολοι
300 2935 349 2965 καὶ
373 2937 402 2966 οἱ
424 2937 548 2977 ἀρχαῖοι
572 2937 746 2973 ἐπίσκοποι,
766 2937 795 2967 οἱ

102 2976 159 3011 τῆς
192 2977 362 3012 ἐκκλησίας
399 2979 582 3018 προστάται,
614 2981 643 3010 οἱ
677 2978 793 3010 ταύτας

160 3045 271 3068 COSIN.

861 1404 1061 1445 παραδόντες.
1107 1406 1146 1436 σὺ
1173 1405 1235 1442 οὖν,
1264 1405 1376 1436 τέκνον
1405 1408 1462 1443 τῆς
1488 1408 1557 1437 Ἐκ-

862 1448 996 1484 κλησίας
1018 1449 1070 1484 ὢν,
1085 1449 1128 1486 μὴ
1144 1447 1371 1488 παραχάραττε
1395 1449 1468 1480 τοὺς
1485 1452 1557 1479 θεσ-

860 1490 944 1528 μούς.
970 1491 1019 1520 καὶ
1041 1492 1098 1527 τῆς
1113 1489 1172 1529 μὲν
1194 1492 1329 1521 παλαιᾶς
1346 1490 1502 1528 διαθήκης,
1520 1493 1560 1522 ὧς

862 1534 992 1573 εἴρηται,
1009 1533 1067 1563 τὰς
1089 1533 1188 1563 εἴκοσι
1205 1533 1258 1563 δύο
1277 1532 1398 1570 μελέτα
1413 1535 1559 1568 βίβλους·

862 1575 908 1610 ἃς,
937 1575 964 1605 εἰ
989 1575 1166 1614 φιλομαθὴς
1192 1574 1375 1614 τυγχάνεις,
1404 1577 1478 1613 ἐμοῦ
1502 1576 1559 1606 λέ-

860 1628 985 1655 γοντος,
1003 1617 1155 1656 ὀνομαστὶ
1176 1620 1352 1656 μεμνῆσθαι
1368 1619 1558 1649 σπούδασον.

859 1662 916 1691 τοῦ
946 1659 1041 1698 νόμου
1068 1660 1127 1699 μὲν
1154 1659 1216 1701 γάρ
1249 1660 1327 1691 εἰσιν
1357 1662 1389 1691 αἱ
1419 1661 1558 1692 Μωσέως

859 1705 977 1739 πρῶται
1000 1702 1095 1733 πέντε
1118 1703 1239 1739 βίβλοι,
1266 1703 1400 1739 Γένεσις,
1420 1704 1561 1743 ”Εξοδος,

858 1745 1031 1782 Λευιτικὸν,
1047 1746 1196 1785 Ἀριθμοὶ,
1213 1746 1473 1786 Δευτερονόμιον·
1490 1748 1558 1786 ἑξῆς

860 1787 902 1823 δὲ,
920 1790 1042 1826 Ἰησοῦς
1066 1789 1128 1820 υἱὸς
1146 1790 1245 1825 Ναυῆ·
1270 1789 1321 1819 καὶ
1343 1789 1380 1819 τὸ
1403 1792 1467 1819 τῶν
1486 1794 1557 1829 Κρι-

858 1833 922 1861 τῶν
951 1832 1033 1869 μετὰ
1057 1833 1114 1868 τῆς
1139 1831 1226 1862 ‘Pohe
1255 1831 1394 1868 βιβλίον,
1425 1832 1559 1870 ἕβδομον

859 1874 1092 1914 ἀριθμούμενον.
1117 1876 1180 1904 τῶν
1196 1874 1228 1904 δὲ
1252 1877 1372 1904 λοιπῶν
1390 1875 1557 1914 ἱστορικῶν

859 1916 1004 1953 βιβλίων,
1033 1916 1052 1953 ἦ
1079 1917 1186 1956 πρώτη
1211 1917 1261 1946 καὶ
1293 1916 1312 1953 ἡ
1340 1916 1470 1956 δευτέρα
1496 1919 1559 1946 τῶν

859 1961 1033 1989 Βασιλειῶν
1059 1958 1114 1996 μία
1140 1959 1211 1998 παρ’
1235 1959 1387 1998 Ἑβραίοις
1415 1959 1483 1989 ἐστὶ
1506 1958 1557 1993 βί-

858 2004 949 2036 βλος·
973 2001 1029 2039 μία
1045 2000 1077 2030 δὲ
1094 2001 1145 2031 κα).
1160 2000 1178 2037 ἡ
1194 2000 1286 2040 τρίτη
1303 2001 1353 2031 καὶ
1370 2001 1388 2037 ἡ
1405 1999 1555 2040 τετάρτη·

858 2042 968 2081 ὁμοίως
984 2042 1017 2073 δὲ
1033 2045 1102 2083 παρ’
1122 2044 1226 2074 αὐτοῖς
1250 2043 1299 2073 καὶ
1319 2045 1382 2073 τῶν
1399 2048 1556 2082 Παραλει-

859 2085 1002 2124 πομένων
1031 2085 1050 2122 ἡ
1080 2086 1187 2124 πρώτη
1217 2085 1267 2115 καὶ
1298 2085 1317 2122 ἡ
1347 2084 1477 2125 δευτέρα
1504 2086 1559 2123 μία

859 2127 1015 2166 τυγχάνει
1051 2128 1175 2163 βίβλος.
1216 2128 1267 2158 καὶ
1296 2129 1354 2158 τοῦ
1383 2127 1503 2167 ’Έσδρα
1538 2128 1557 2164 ἡ

858 2171 964 2210 πρώτη
990 2171 1040 2201 καὶ
1071 2171 1090 2207 ἡ
1115 2171 1246 2210 δευτέρα
1272 2170 1327 2207 μία
1353 2170 1552 2209 λελόγισται.

859 2212 1019 2250 δωδεκάτη
1042 2213 1158 2249 βίβλος
1182 2213 1201 2250 ἡ
1216 2213 1341 2250 Ἐσθήρ.
1366 2214 1415 2243 καὶ
1439 2214 1479 2244 τὰ
1498 2214 1557 2251 μὲν

858 2257 1000 2296 ἱστορικὰ
1014 2258 1122 2287 ταῦτα.
1143 2256 1183 2286 τὰ
1197 2255 1229 2286 δὲ
1247 2256 1385 2295 στιχηρὰ
1399 2256 1556 2295 τυγχάνει

855 2298 962 2329 πέντε·
987 2300 1070 2335 Ἰὼβ,
1099 2298 1149 2329 καὶ
1180 2299 1296 2334 βίβλος
1324 2301 1472 2336 Ψαλμῶν,
1505 2300 1555 2329 καὶ

855 2340 1029 2381 Παροιμίαι,
1043 2343 1093 2372 καὶ
1104 2341 1369 2378 Ἐκκλησιαστὴς,
1386 2342 1435 2372 καὶ
1444 2340 1555 2379 ἼΑσμα

854 2383 1013 2424 ᾀσμάτων,
1039 2384 1303 2414 ἑπτακαιδέκατον
1333 2383 1471 2419 βιβλίον.
1504 2385 1554 2414 ἐπὶ

855 2426 888 2457 δὲ
919 2426 1043 2458 τούτοις
1068 2427 1109 2457 τὰ
1137 2426 1318 2467 προφητικὰ
1348 2426 1452 2456 πέντε·
1492 2429 1555 2457 τῶν

855 2470 972 2500 δώδεκα
1014 2472 1188 2509 Προφητῶν
1227 2469 1283 2507 μία
1322 2470 1452 2504 βίβλος·
1502 2470 1552 2499 καὶ

854 2511 985 2542 Ἠσαίου
1014 2511 1079 2550 μία·
1118 2513 1168 2542 καὶ
1199 2511 1348 2551 Ἰερεμίου
1377 2511 1440 2549 μία,
1474 2513 1554 2550 μετὰ

856 2555 991 2595 Βαροὺχ,
1024 2555 1074 2585 καὶ
1104 2554 1240 2594 Θρήνων,
1269 2555 1319 2585 καὶ
1349 2555 1553 2591 Ἐπιστολῆς·

857 2597 924 2628 εἶτα
947 2596 1110 2636 Ἰεζεκιὴλ·
1141 2597 1191 2628 καὶ
1220 2597 1239 2634 ἡ
1269 2598 1326 2627 τοῦ
1352 2598 1484 2634 Δανιὴλ,
1511 2597 1551 2627 εἶ-

857 2639 1089 2680 κοστηδευτέρα
1112 2640 1227 2675 βίβλος
1249 2641 1306 2676 τῆς
1329 2641 1464 2670 παλαιᾶς
1488 2642 1552 2670 δια-

857 2683 960 2719 θήκης.

900 2729 914 2764 §
934 2727 983 2756 36.
1007 2727 1063 2762 τῆς
1083 2724 1116 2756 δὲ
1139 2726 1244 2761 καινῆς
1265 2724 1420 2761 διαθήκης,
1437 2732 1547 2755 κ.τ.λ,

855 2767 896 2797 τὰ
912 2770 944 2798 δὲ
968 2768 1064 2798 λοιπὰ
1086 2767 1188 2798 πάντα
1211 2768 1267 2806 ἔξω
1290 2766 1403 2797 κείσθω
1428 2769 1460 2797 ἐν
1483 2770 1550 2797 δευ-

855 2809 946 2849 τέρῳ.
981 2811 1030 2840 καὶ
1061 2811 1122 2840 ὅσα
1152 2809 1209 2848 μὲν
1239 2811 1272 2840 ἐν
1302 2809 1483 2846 ἐκκλησίαις
1509 2811 1551 2848 μὴ

853 2852 1112 2891 ἀναγινώσκεται,
1137 2854 1238 2882 ταῦτα
1260 2851 1338 2890 μηδὲ
1370 2853 1450 2882 κατὰ
1474 2865 1548 2883 σαυ-

852 2895 908 2925 τὸν
939 2894 1145 2933 ἀναγίνωσκε,
1177 2896 1276 2926 καθὼς
1310 2895 1457 2931 ἤκουσας.
1498 2895 1548 2925 καὶ

853 2937 922 2977 περὶ
936 2937 993 2975 μὲν
1008 2936 1128 2968 τούτων
1142 2938 1270 2977 ταῦτά]

1637 329 1730 351 TEST.

1607 373 1623 391 C
1630 373 1669 393 EN
1676 372 1704 392 Τ.
1724 373 1767 393 1v.
