1987 3244
692 251 742 280 ΤΟ
761 252 843 280 THE
865 253 1046 281 READER.

1509 246 1603 287 xxix

143 354 259 394 upon
279 342 353 383 the
375 342 544 383 Cross.”
590 343 671 384 VI.
706 347 732 366 “
747 344 874 396 That,
897 345 1021 387 when
1042 347 1116 387 the
1137 347 1277 388 Priest
1298 349 1508 391 receiveth
1529 352 1603 393 the

147 415 396 456 Sam-ament
422 417 578 468 alone⁵,
602 418 687 458 and
708 418 832 459 when
857 419 911 460 he
944 420 1087 472 giveth
1115 425 1160 461 to
1189 421 1332 461 others
1362 422 1441 463 but
1468 425 1603 465 under

143 502 224 528 one
256 489 362 529 kind
394 490 525 544 only¹⁵³
561 496 634 544 yet
669 492 703 531 it
743 492 778 532 is
815 508 840 533 a
873 493 1026 544 lawful,
1061 494 1146 534 and
1178 509 1202 534 a
1235 497 1444 549 complete
1479 498 1602 538 Com-

142 562 365 613 munion,'’
397 565 785 619 notwithstanding
825 567 920 608 that
960 582 1037 608 our
1071 569 1247 609 Saviour
1279 569 1501 610 otherwise
1532 586 1602 624 ap-

140 636 318 689 pointed
352 637 426 677 it11.

140 716 374 765 purgatory
402 716 446 752 to
480 712 534 752 be
574 713 866 766 unde1=gone³<,

639 809 748 841 Quare
777 821 841 840 non

140 850 244 879 solum
269 861 326 890 pro
350 851 495 881 fidelium
520 853 664 882 vivorum
690 854 840 892 peccatiS,

139 892 256 931 poenis,
273 893 554 931 satisfactionibus,
570 900 600 924 et
616 895 686 924 aliis
702 896 841 926 necessi-

140 935 268 972 tatibus,
286 936 341 965 sed
357 941 387 965 et
412 947 468 976 pro
485 937 644 967 defunctis
660 938 692 967 in
706 939 847 976 Christo,

139 978 283 1007 nondum
303 979 341 1008 ad
359 979 492 1018 plenum
508 981 663 1020 purgatiS‚
680 981 846 1021 ritejuxta

140 1020 370 1060 Apostolorum
382 1022 585 1052 traditionem
595 1023 845 1063 offertur.]—Et

141 1074 209 1093 can.
230 1065 255 1094 1.
284 1063 357 1103 [ubi
383 1075 479 1105 supr.,
508 1066 566 1095 col.
596 1067 749 1097 855.—Si
773 1068 844 1107 quis

141 1106 268 1143 dixerit,
282 1107 315 1136 in
331 1108 434 1138 Missa
447 1118 509 1138 non
527 1108 631 1138 offerri
646 1109 716 1139 Deo
731 1120 843 1140 verum

140 1154 171 1178 et
195 1150 360 1189 proprium
387 1151 590 1187 sacrificium,
608 1157 663 1182 aut
687 1153 771 1192 quod
794 1154 841 1183 of-

139 1192 215 1221 ferri
230 1202 293 1222 non
307 1193 348 1222 sit
360 1193 447 1223 aliud
462 1205 559 1234 quam
571 1196 662 1224 nobis
674 1196 842 1226 Christum

139 1235 179 1264 ad
195 1236 459 1266 manducandum
476 1238 558 1266 dari:
583 1238 755 1268 anathema
770 1239 839 1278 sit]

139 1278 229 1308 —Et
252 1279 285 1307 in
311 1279 409 1309 Bulla
432 1280 511 1319 prof.
531 1280 631 1316 Fidei,
658 1280 730 1320 [ubi
754 1292 839 1320 supr.

141 1320 261 1356 Labbe,
279 1326 354 1350 tom.
381 1322 444 1351 xiv.
470 1323 528 1352 col.
548 1322 639 1362 effi]
687 1324 842 1354 Profiteor

138 1364 258 1402 pariter
273 1364 305 1393 in
322 1364 422 1394 Missa
439 1365 541 1394 offerri
555 1366 625 1395 Deo
635 1376 756 1401 verum,
766 1377 837 1406 pro—

138 1407 257 1444 prium,
289 1412 321 1436 et
351 1408 607 1447 propitiatorium
638 1409 839 1440 Sacrificium

141 1448 216 1488 [pro
234 1450 315 1479 vivis
332 1456 362 1480 et
379 1451 538 1481 defunctis
557 1464 562 1486 ;
586 1457 681 1491 atquc
695 1453 727 1481 in
745 1463 838 1482 sanc—

138 1492 263 1522 tissimo
293 1493 504 1523 Eucharistiae
537 1495 743 1524 Sam-amento
772 1506 839 1525 esse

138 1544 224 1570 vere,
238 1535 374 1572 realiter,
391 1541 422 1566 et
436 1537 698 1572 substantialiter,
715 1538 840 1577 Corpus

139 1582 170 1606 et
189 1578 399 1617 Sanguinem,
417 1590 481 1609 una
503 1590 577 1609 cum
595 1581 715 1609 Anima
731 1586 762 1610 et
780 1582 839 1610 Di-

136 1619 270 1650 vinitate
295 1621 427 1651 Domini
452 1623 551 1652 nostri
574 1623 653 1652 Jesu
680 1622 838 1663 Christi3]

138 1668 168 1692 et
192 1663 259 1693 fieri
283 1665 525 1694 conversionem
550 1664 666 1704 [totius
691 1667 839 1695 subsran-

139 1705 191 1735 tiae
209 1707 300 1746 panis
317 1706 350 1736 in
371 1708 508 1747 Corpus,
525 1713 556 1738 et
572 1709 670 1738 totius
691 1709 838 1738 substan-

137 1748 191 1778 tiae
210 1750 276 1779 vini
302 1750 333 1778 in
357 1750 556 1789 Sanguinem
573 1750 597 1790 :]
626 1762 723 1791 quam
745 1751 840 1791 [con-

137 1792 334 1832 versionem]
356 1793 447 1823 Cath.
465 1794 554 1824 Eecl.
569 1795 836 1824 transubstantia-

138 1834 257 1864 tionem
275 1836 424 1875 appellat.

180 1885 191 1899 S
217 1878 315 1908 Cone.
341 1879 426 1910 Trid.
453 1890 528 1909 sess.
555 1879 632 1909 xxii.
659 1890 727 1909 can.
748 1882 774 1910 8.
802 1881 839 1910 de

139 1919 225 1950 Sacr.
246 1921 338 1952 Miss.
360 1921 498 1960 [Labbe,
518 1928 592 1952 tom.
609 1923 672 1953 xiv,
688 1923 746 1952 col.
766 1924 837 1953 856.

135 1964 215 1993 —Si
242 1964 313 2003 quis
343 1965 467 2001 dixerit,
499 1966 631 2001 Missas,
658 1966 690 1994 in
722 1966 838 2005 quibus

137 2006 227 2036 solus
259 2008 412 2037 Sacerdos
444 2008 719 2037 sacramentaliter
749 2018 835 2037 com-

134 2050 290 2086 municat,
315 2050 444 2079 illicitas
476 2061 554 2085 esse,
583 2051 716 2090 ideoque
746 2051 838 2080 abro—

135 2093 267 2131 gandas,
286 2094 456 2122 anatliema
473 2092 542 2132 sit]

180 2135 192 2155 t
215 2135 296 2165 Ibid.
331 2146 405 2165 sess,
434 2136 500 2164 xxi.
534 2146 603 2165 can.
635 2137 662 2172 l,
688 2137 716 2171 2,
743 2137 773 2165 3.
800 2137 837 2166 de

137 2177 230 2206 Com.
268 2178 327 2207 sub
366 2182 501 2217 utraque
541 2177 836 2217 [specie—Labbe,

136 2225 212 2248 tom.
240 2220 302 2250 xiv.
329 2220 387 2249 col.
415 2222 614 2252 Sil—Can.
645 2222 669 2250 1.
705 2222 737 2250 Si
766 2222 837 2261 quis

137 2262 261 2298 dixerit,
287 2273 325 2292 ex
351 2263 412 2293 Dei
438 2270 608 2304 praecepto,
630 2264 678 2293 vel
701 2266 838 2295 necessi-

136 2310 199 2334 tate
220 2306 344 2342 salutis,
361 2317 471 2336 omnes
498 2313 527 2336 et
552 2307 697 2345 singulos
715 2308 835 2338 Clu-isti

136 2348 244 2378 fideles
274 2355 445 2389 utramque
471 2351 609 2389 speciem
640 2351 834 2380 sanctissimi

136 2390 354 2421 Eucharistiae
383 2394 582 2423 Sam-amenti
621 2404 747 2423 sumere
779 2394 831 2423 de-

134 2433 227 2464 bere:
252 2435 424 2465 anathema
449 2436 499 2466 sit.

136 2477 262 2513 dixerit,
292 2486 436 2508 sanctam
470 2479 653 2509 Ecclesiam
687 2480 831 2509 Catholi-

135 2529 207 2549 cam
239 2531 301 2550 non
330 2522 427 2560 justis
456 2523 562 2552 causis
594 2527 624 2552 et
656 2523 833 2552 rationibus

135 2562 306 2593 adductam
345 2564 454 2601 fuisse,
495 2570 531 2595 nt
570 2565 697 2601 Laicos,
737 2572 833 2605 atque

134 2605 229 2635 etiam
262 2606 404 2636 Clericos
435 2618 498 2637 non
529 2609 744 2645 conficientes,
773 2610 832 2638 snb

133 2649 227 2687 panis
257 2651 479 2680 tantummodo
510 2652 615 2690 specie
651 2652 832 2681 communi—

142 807 255 846 quovis
284 808 379 837 modo
411 808 590 848 derogetur.

134 2698 238 2726 caret;
276 2698 331 2722 aut
357 2693 388 2722 in
417 2704 452 2722 eo
484 2704 623 2723 errasse:
665 2695 834 2724 anatliema

135 2734 183 2763 sit.
233 2734 310 2764 Can.
329 2737 356 2765 3.
383 2736 415 2765 Si
442 2737 513 2775 quis
538 2738 710 2775 negaverit,
729 2743 831 2767 totum

133 2782 164 2805 et
191 2777 351 2817 integrum
381 2779 558 2815 Christum,
584 2781 727 2809 omnium
759 2790 831 2819 gra-

134 2819 250 2850 tiarum
280 2821 399 2850 fontem
426 2827 457 2851 et
485 2830 658 2858 auctorem,
683 2823 741 2852 sub
772 2834 833 2852 una

133 2863 226 2900 panis
258 2864 362 2902 specie
393 2865 487 2900 sumi,
520 2866 604 2904 quia,
636 2871 669 2894 ut
703 2866 832 2905 quidam

133 2904 213 2934 falso
240 2914 397 2943 asserunt,
429 2918 489 2936 non
523 2909 700 2938 secundum
734 2909 834 2947 ipsius

135 2946 256 2977 Christi
304 2950 539 2980 institutionem
589 2952 647 2980 sub
700 2956 835 2989 utraque

134 2991 239 3029 specie
253 2998 417 3022 sumatur:
443 2994 611 3024 anathema
630 2994 832 3032 sit.]—Bull.

133 3033 280 3071 praedict.
306 3033 445 3073 [Labbe,
472 3041 546 3065 tom.
571 3037 634 3066 xiv.
660 3036 718 3066 col⁴
742 3035 831 3075 946]

548 2437 626 2466 Can.
648 2438 678 2466 2.
704 2438 735 2466 Si
762 2437 833 2476 quis
860 2452 863 2455 >

488 638 594 678 VH.
628 640 791 690 “That,
829 640 938 681 after
965 641 1051 681 this
1087 641 1172 692 life,
1202 642 1322 682 there
1351 643 1386 683 is
1423 657 1447 683 a
1479 645 1603 697 penal

901 715 965 755 for
998 715 1072 756 the
1108 716 1323 769 expiation
1359 731 1403 757 as
1434 718 1526 757 well
1562 719 1609 758 of

902 810 1017 841 Fateor
1034 811 1131 841 etiam
1149 812 1208 841 sub
1226 811 1325 841 altera
1347 816 1472 841 tantum
1498 812 1604 852 specie

900 859 1004 883 totum
1044 854 1157 894 [atque
1199 856 1363 894 integrum
1404 855 1601 895 Christum,]

901 907 1078 936 verumque
1096 898 1340 927 Sacramentum
1358 898 1451 928 sumi.

951 944 964 957 ¹¹
990 940 1107 979 Synod.
1149 940 1501 970 Constantiam—Hoc
1539 951 1603 971 non

905 982 1062 1018 obstante,
1079 983 1164 1022 quod
1186 983 1335 1013 Christus
1360 983 1521 1013 Dominus
1545 985 1603 1014 sub

904 1030 1040 1064 utraque
1064 1026 1169 1065 specie
1192 1026 1376 1061 instituerit,
1394 1030 1424 1055 et
1448 1027 1601 1056 adminis-

903 1069 1041 1098 traverit.
1104 1068 1193 1107 [Vid.
1228 1069 1324 1098 Cone.
1365 1069 1601 1099 Constantiens.

903 1111 962 1140 sub
978 1112 1068 1141 Joan.
1088 1111 1123 1141 P.
1143 1111 1280 1141 XXIII.
1307 1122 1380 1140 sess.
1398 1112 1464 1141 xiii.
1482 1112 1603 1149 Labbe,

902 1158 979 1183 tom.
996 1154 1050 1184 xii.
1066 1154 1123 1184 col.
1140 1154 1410 1184 lOO.—Decernit
1427 1155 1599 1194 (synodus)

902 1201 932 1226 et
966 1197 1088 1232 definit,
1117 1197 1212 1236 quod,
1243 1197 1317 1226 licet
1349 1197 1496 1226 Christus
1532 1203 1603 1236 post

903 1239 1037 1269 Coenam
1064 1240 1248 1275 instituerit,
1278 1246 1307 1269 et
1332 1239 1398 1268 suis
1424 1239 1601 1279 Discipulis

901 1282 1181 1318 administraverit,
1196 1283 1255 1312 sub
1272 1288 1406 1322 utraque
1424 1283 1527 1322 specie
1542 1293 1599 1322 pa—

900 1325 950 1354 nis
974 1330 1005 1354 et
1028 1325 1107 1361 vini,
1124 1325 1183 1355 hoc
1207 1325 1386 1355 venerabile
1411 1325 1600 1355 Sacramen-

900 1372 979 1404 tum,
1005 1373 1122 1403 tamen,
1144 1368 1202 1397 hoc
1226 1378 1288 1397 non
1314 1368 1471 1403 obstante,
1493 1379 1598 1398 sacro-

899 1420 970 1439 rum
996 1421 1154 1440 canonum
1178 1411 1348 1440 auctoritas
1372 1411 1552 1447 laudabilis,
1571 1416 1601 1441 et

899 1454 1073 1492 approbata
1093 1454 1289 1483 consuetudo
1307 1453 1474 1489 Ecclesiae,
1493 1464 1598 1483 serva—

899 1496 946 1525 vit
963 1502 992 1526 et
1007 1501 1119 1531 servat,
1138 1496 1223 1535 quod
1241 1519 1247 1525 .
1265 1520 1272 1526 .
1290 1495 1316 1535 .]

942 1542 956 1556 Χ
982 1539 1082 1569 Cone.
1098 1539 1184 1568 Trid.
1210 1550 1285 1568 sess,
1303 1538 1342 1568 vi.
1362 1539 1400 1568 de
1423 1538 1599 1569 Justificat.

901 1591 968 1611 can.
994 1583 1043 1612 30.
1068 1581 1209 1621 [Labbe,
1231 1586 1306 1611 tom.
1325 1582 1387 1611 xiv.
1406 1581 1463 1611 col.
1484 1583 1599 1614 767.—

901 1623 933 1653 Si
958 1625 1040 1663 quis,
1066 1630 1136 1664 post
1159 1630 1322 1664 acceptam
1349 1625 1597 1654 Justificationis

899 1668 1047 1705 gratiam,
1079 1667 1210 1697 cuilibet
1240 1668 1397 1707 peccatori
1428 1668 1600 1706 poenitenti

899 1710 942 1739 ita
964 1710 1093 1750 culpam
1118 1710 1249 1746 remitti,
1267 1717 1297 1740 et
1321 1716 1442 1740 reatum
1469 1716 1597 1740 aetcrnae

899 1763 1004 1792 poenae
1037 1753 1144 1789 deleri,
1178 1753 1305 1789 dixerit,
1338 1758 1374 1782 ut
1407 1753 1517 1782 nullus
1548 1764 1595 1783 re-

898 1801 1027 1826 mancat
1053 1802 1159 1826 reatus
1192 1807 1296 1835 poenae
1326 1797 1509 1835 temporalis
1539 1806 1595 1826 ex—

899 1838 1071 1873 solvendae,
1092 1839 1143 1868 vel
1174 1839 1205 1867 in
1238 1839 1297 1868 hoc
1331 1839 1460 1875 saeculo,
1484 1839 1533 1868 vel
1564 1839 1596 1868 in

898 1882 1006 1911 futuro
1045 1882 1077 1911 in
1116 1882 1310 1921 purgatorio,
1347 1887 1519 1920 antequam
1558 1882 1596 1911 ad

898 1934 997 1963 regna
1021 1925 1176 1953 coelorum
1206 1924 1310 1953 aditus
1341 1929 1446 1962 patere
1478 1925 1593 1963 possit:

899 1967 1068 1995 anathema
1085 1966 1247 2005 sit.]-Et
1263 1977 1338 1996 sess.
1356 1966 1433 1995 xxii.
1449 1966 1485 1995 de
1510 1968 1595 1996 Sacr.

899 2009 990 2038 Miss.
1017 2019 1085 2038 can.
1111 2011 1138 2038 3.
1166 2008 1238 2047 [ubi
1263 2019 1347 2048 supr.
1366 2009 1425 2037 col.
1442 2010 1595 2038 855.—si

898 2051 971 2090 quis
988 2051 1113 2087 dixerit,
1129 2052 1240 2080 Missa:
1259 2051 1451 2080 sacrificium
1469 2056 1594 2081 tantum

899 2104 966 2123 esse
992 2094 1103 2129 laudis,
1122 2100 1152 2123 et
1177 2095 1351 2133 gratiarum
1377 2094 1520 2129 actionis,
1539 2100 1594 2124 aut

898 2137 1017 2166 nudam
1044 2137 1378 2166 commemorationem
1395 2137 1547 2166 sacrificii
1560 2137 1593 2166 in

899 2180 1002 2209 Cruce
1026 2181 1155 2219 peracti,
1181 2190 1241 2209 non
1271 2185 1378 2209 autem
1406 2180 1591 2219 propitiato—

896 2223 991 2258 rium,
1008 2223 1058 2252 vel
1076 2222 1132 2252 soli
1150 2223 1298 2262 prodesse
1315 2223 1453 2252 sumenti
1468 2235 1473 2256 ς
1490 2233 1594 2262 neque

896 2275 952 2305 pro
984 2266 1063 2295 vivis
1095 2271 1126 2295 et
1156 2266 1326 2302 defunctis,
1359 2276 1414 2305 pro
1446 2266 1591 2304 pcccatis,

895 2309 1010 2348 poenis,
1030 2309 1312 2344 satisfactionibus,
1334 2314 1364 2338 et
1387 2308 1458 2337 aliis
1482 2319 1590 2337 ncces-

894 2352 1052 2387 sitatibus,
1066 2352 1168 2381 offerri
1182 2352 1311 2381 debere:
1339 2351 1505 2380 anathema
1521 2351 1589 2390 sin]

892 2394 981 2424 -Et
1001 2405 1078 2424 sess·
1096 2405 1168 2424 xxv.
1193 2395 1317 2424 Dccrct.
1341 2395 1378 2423 de
1402 2394 1497 2432 l'urg.
1520 2393 1590 2432 [ubi

894 2447 979 2476 supr.
1005 2438 1062 2467 col.
1094 2438 1297 2467 sota—Cum
1326 2437 1490 2466 catholiea
1525 2437 1587 2465 Ec-

893 2480 1000 2516 clesia,
1019 2481 1139 2520 Spiritu
1159 2482 1274 2510 Sancto
1291 2480 1412 2515 edocta,
1428 2489 1467 2509 cx
1486 2480 1590 2508 Sacris

894 2523 1022 2558 Litteris,
1046 2529 1074 2553 et
1100 2523 1232 2562 antiqua
1253 2524 1384 2552 Patrnm
1411 2522 1590 2558 traditione,

892 2566 923 2595 in
943 2567 1039 2596 sacris
1056 2566 1263 2597 C011‹·i1iis‚et
1282 2565 1451 2594 novissim(-
1475 2565 1504 2593 in
1533 2565 1589 2593 hac

893 2609 1089 2638 oecxxmcnica
1112 2609 1242 2649 synodo,
1268 2609 1409 2638 docuerit
1436 2608 1587 2645 Purgato-

893 2652 975 2681 rium
1015 2663 1099 2685 esse;
1140 2652 1327 2690 animasque
1366 2651 1407 2679 ibi
1447 2651 1589 2680 dotentas

894 2695 1036 2723 fidelium
1055 2695 1224 2731 suffrafgiis,
1239 2694 1439 2733 potissimum
1452 2703 1524 2721 vcro
1535 2704 1587 2721 ac—

892 2738 1041 2776 ceptabili
1056 2738 1175 2766 Altaris
1187 2736 1487 2774 sat-riticio,juvari;
1506 2745 1587 2773 pra*-

892 2781 975 2819 cepit
993 2786 1101 2809 sancta
1124 2780 1265 2819 synodus
1285 2779 1461 2818 Episcopi-s,
1481 2784 1513 2806 ut
1537 2788 1586 2805 sa-

893 2834 967 2852 nam
986 2824 1022 2851 dc
1040 2823 1220 2862 purgatorio
1246 2822 1420 2851 doctrinam
1439 2833 1454 2849 a
1473 2821 1587 2848 sam-tis

894 2866 1043 2895 Patribus
1064 2872 1093 2894 ct
1112 2866 1208 2894 samis
1226 2864 1587 2893 vom-iliis11·.·1di1:1111‚a

895 2909 1014 2937 Christi
1042 2908 1187 2937 fidelihus
1218 2907 1310 2938 credi,
1337 2906 1446 2937 teucri.
1473 2904 1585 2937 dtu-vri,

893 2958 924 2980 ct
949 2951 1068 2990 ubique
1095 2951 1258 2988 manlii-ari
1282 2949 1450 2986 ‹lisigvutvr
1479 2946 1582 2974 >tudo-

894 2999 956 3023 ant.
987 3018 993 3023 .
1012 3017 1018 3023 .
1037 3015 1043 3022 .
1069 2994 1190 3023 Curcnt
1220 2998 1326 3022 autem
1360 2989 1521 3029 Episcopi.
1551 2993 1585 3016 nt

894 3036 1037 3066 fidelium
1055 3036 1198 3065 vivorum
1225 3033 1385 3071 suffragia,
1411 3032 1583 3061 Missurum
