1987 3244
575 175 641 213 tlte
666 175 804 214 Canon
826 175 875 226 of
888 177 954 215 the
977 178 1222 229 Scriptures.

1567 185 1618 223 51

166 279 283 317 tures
305 277 362 332 by
378 278 497 319 these
514 279 680 320 Nicene
703 280 941 335 Fathers,'')
963 282 1044 322 will
1067 288 1142 324 not
1163 284 1216 324 be
1239 285 1359 326 made
1375 291 1420 327 to
1442 301 1556 328 serve
1578 303 1624 329 or

165 346 291 386 reach
313 350 358 386 to
379 346 492 386 their
513 361 707 400 purpose.

227 416 261 453 1.
296 414 390 464 For,
422 415 527 464 first,
554 414 596 454 S.
622 413 827 456 Hierome
858 416 893 456 is
925 416 1192 458 otherwhiles
1223 419 1266 458 in
1298 419 1409 460 their
1441 428 1619 463 account

164 494 207 520 as
242 486 360 533 great
394 495 448 521 an
483 481 707 537 adversary
735 488 780 524 to
811 484 931 524 them
964 485 1010 525 in
1038 485 1123 526 this
1150 500 1257 536 case,
1288 501 1331 527 as
1366 502 1447 541 any
1473 489 1519 528 of
1547 490 1618 531 the

162 547 339 588 Fathers
362 548 550 590 besides:
584 551 669 590 and
692 551 903 592 therefore
925 552 978 592 do
1001 553 1103 607 they
1125 554 1263 594 refuse
1284 554 1350 594 his
1376 555 1617 608 judgment,

162 616 245 655 and
268 631 353 670 say,
376 617 471 658 that
495 618 638 672 “they
661 633 731 660 are
752 625 827 660 not
848 620 994 660 bound
1012 621 1157 661 herein
1179 627 1224 663 to
1245 623 1381 663 follow
1405 623 1503 664 it0.”

217 685 256 724 2.
283 685 506 740 Secondly,
528 687 563 726 it
584 687 618 726 is
640 688 732 728 well
754 689 911 729 known
930 689 1041 730 what
1066 690 1107 730 S.
1130 689 1365 731 Hierorne's
1387 706 1479 732 own
1501 694 1620 733 mind

158 767 254 803 waS,
278 754 383 794 both
415 754 543 796 about
574 756 659 796 this
692 757 776 797 and
807 757 880 797 the
912 758 1034 798 other
1065 758 1198 799 books
1221 760 1357 800 which
1389 761 1491 815 they
1514 761 1618 801 have

156 821 287 876 lately
308 823 474 863 exalted
499 823 591 864 into
622 824 696 865 the
729 825 868 866 divine
899 840 1036 866 canon
1053 844 1064 876 3
1096 827 1161 867 for
1183 827 1227 867 in
1257 828 1352 868 that
1383 843 1481 883 very
1503 829 1619 882 place

156 888 293 929 which
315 890 417 941 they
440 890 625 944 produce
657 891 759 932 here
783 893 848 933 for
872 893 945 934 the
978 895 1196 948 reception
1221 895 1267 935 of
1290 897 1316 936 J
1323 896 1443 936 udith
1472 897 1515 936 in
1545 898 1618 937 the

156 958 322 999 Nicene
344 960 523 1009 council,
546 960 599 1000 he
626 975 718 1014 says
740 962 835 1002 that
858 962 930 1002 the
955 963 1185 1003 Hebrewsp
1213 964 1321 1016 (that
1347 965 1394 1015 is,
1417 965 1488 1005 the
1513 966 1616 1005 Hel-

154 1025 282 1066 lenist
311 1027 436 1078 Jews,
460 1042 507 1068 or
536 1029 610 1068 the
641 1028 844 1070 Hebrews
874 1031 1101 1071 converted
1130 1037 1175 1072 to
1205 1032 1500 1086 Christianity)
1528 1038 1614 1073 “so

152 1096 344 1136 received
366 1097 413 1147 it,
437 1111 481 1137 as
510 1102 587 1138 not
609 1102 654 1138 to
675 1099 808 1152 judge
837 1114 920 1154 any
941 1105 1099 1140 matter
1120 1101 1167 1141 of
1191 1105 1462 1154 controversy
1483 1102 1528 1141 in
1550 1116 1614 1141 re-

153 1162 286 1217 ligion
307 1164 362 1218 by
379 1165 412 1205 it
429 1166 471 1215 ;''
498 1166 581 1205 and
605 1167 843 1217 elsewhere,
862 1168 957 1208 that
980 1172 1005 1189 “
1020 1168 1185 1220 though
1208 1169 1282 1209 the
1300 1169 1469 1209 Church
1492 1170 1613 1209 reads

152 1232 186 1272 it
197 1238 226 1281 q,
249 1238 321 1286 yet
343 1234 377 1274 it
405 1234 439 1273 is
462 1239 537 1274 not
558 1234 748 1275 received
772 1235 826 1289 by
847 1236 921 1276 the
944 1236 1116 1276 Church
1148 1237 1240 1277 into
1268 1237 1340 1277 the
1368 1237 1549 1277 number
1571 1238 1618 1278 of

153 1302 370 1342 canonical
396 1302 679 1356 Scripturesf'

152 1430 282 1470 cryphis
312 1430 523 1460 confundunt.
580 1430 685 1460 Antea
718 1441 789 1461 vero
817 1431 854 1460 ad

152 1472 288 1502 Pamelii
318 1473 512 1512 objectiones
546 1474 583 1503 de
615 1473 686 1503 aliis
721 1484 851 1513 apocry-

151 1515 235 1554 phis,
253 1526 309 1545 seu
329 1516 563 1552 ecclesiasticis,
578 1516 702 1545 abunde
719 1526 852 1556 respon-

151 1558 270 1588 dimus.
302 1558 491 1598 Hieronym.
510 1559 541 1587 in
560 1559 702 1598 prologo,
721 1559 777 1588 &c.
792 1581 799 1588 .
818 1582 824 1589 .
846 1582 852 1588 .

152 1600 249 1631 Quod
271 1606 378 1630 autem
402 1601 479 1631 dicit
504 1601 667 1630 Painelius
691 1602 850 1640 synodum

151 1643 325 1673 Nicaenum
354 1644 440 1673 hunc
479 1644 598 1672 librum
633 1644 716 1672 inter
746 1654 851 1674 sacras

151 1686 333 1725 Scripturas
358 1691 554 1726 computare,
578 1686 761 1726 respondeo,
787 1686 849 1716 Pa-

149 1729 224 1758 mel.
242 1729 351 1758 ludere
375 1729 408 1758 in
424 1739 500 1758 voce
516 1730 523 1743 ‘
539 1732 669 1766 sacras,'
690 1739 762 1768 quae
787 1739 849 1758 non

149 1772 328 1805 canonicas,
353 1771 407 1801 sed
431 1773 651 1802 ecclesiasticas
679 1772 848 1811 significat.

150 1814 219 1843 Nec
244 1818 388 1844 auctores
413 1825 430 1843 a
454 1814 599 1844 Painelio
624 1814 710 1843 citati
740 1815 851 1845 dicunt

148 1856 292 1886 Judithae
322 1856 440 1886 librum
471 1868 539 1886 esse
571 1857 770 1893 canonicum,
801 1858 849 1887 vel

149 1899 239 1929 Fidei
262 1899 510 1929 fundamentum
536 1904 566 1928 et
589 1899 734 1938 regulam
758 1909 847 1939 quae-

148 1942 239 1972 dam:
265 1942 350 1972 dicta
373 1947 499 1971 tantum
524 1942 674 1981 allegant,
693 1942 785 1971 sicuti
811 1952 849 1971 ex

148 1984 218 2014 aliis
247 1985 437 2024 apocryphis
440 2006 580 2014 .....
637 1984 848 2023 Perspicuum

147 2033 254 2056 autem
277 2027 416 2067 petimus
438 2027 669 2061 testimonium,
687 2036 749 2065 quo
770 2026 848 2055 liber

146 2069 201 2098 ille
215 2069 388 2099 canonicus
404 2074 571 2098 asseratur.
605 2068 723 2098 Contra
740 2073 847 2098 autem

148 2111 289 2141 Rufinus
320 2116 425 2141 noster
456 2111 624 2140 canonicos
654 2116 683 2140 et
715 2121 846 2150 apocry-

146 2154 226 2193 phos
245 2153 422 2193 discernit.]
457 2154 593 2183 Genebr.
609 2153 683 2182 Chr.
698 2152 776 2191 [vid.
793 2154 845 2183 lib.

146 2196 176 2226 ii.
209 2207 238 2236 p.
269 2196 488 2227 235.—Liber
514 2196 626 2225 Judith
656 2206 673 2225 a
698 2196 844 2225 ι1000111111

146 2239 308 2268 sacerdote
326 2239 532 2279 conscriptus.
566 2238 668 2267 Philo.
717 2238 778 2268 Est
795 2249 844 2268 sa-

146 2291 197 2311 cer
221 2287 251 2311 et
276 2282 458 2311 canonicus.
512 2281 596 2310 Nam
623 2291 695 2310 eum
722 2281 846 2311 Nicena

147 2325 287 2364 synodus
318 2325 350 2353 in
382 2334 514 2353 numero
545 2334 705 2353 sacrarum
739 2325 843 2363 Scrip-

145 2372 289 2396 turarum
317 2367 523 2406 computavit.
574 2367 683 2395 Hiero.
710 2367 741 2395 in
770 2377 842 2406 pro-

144 2409 228 2448 logo,
260 2408 335 2448 &c.]
406 2410 534 2439 Perron.
575 2409 668 2448 Repl.
703 2408 774 2447 [liv.
825 2410 845 2438 i.

145 2452 234 2491 chap.
265 2454 315 2482 50.
345 2462 372 2491 p.
399 2451 564 2482 ‘Mil—Et
589 2462 626 2481 en
654 2462 687 2481 sa
714 2451 845 2481 Presa‹·e

144 2504 199 2524 sur
215 2495 370 2524 l'histoire
395 2495 432 2524 de
447 2494 583 2524 Judith:
609 2494 678 2524 ‘La
704 2494 782 2524 livre
807 2495 845 2524 de

143 2536 279 2574 Judith‚'
306 2538 349 2566 ait
373 2537 405 2571 il,
431 2539 438 2552 ‘
454 2547 486 2566 se
512 2537 548 2566 lit
577 2537 680 2576 parmi
706 2536 750 2566 les
776 2536 841 2566 116·-

143 2579 255 2609 brieux
286 2585 374 2609 entre
403 2580 449 2609 les
481 2579 735 2619 IIagiographes,
767 2580 844 2609 dont

142 2621 304 2651 l'autorite
329 2627 376 2652 est
400 2622 530 2652 estimee
554 2622 657 2651 moins
681 2621 843 2652 suffisante

143 2674 223 2703 pour
243 2664 369 2694 decidet·
392 2664 437 2694 les
462 2664 573 2694 choses
597 2664 841 2700 contentieuses,

143 2708 216 2740 διας
243 2707 323 2736 mais
345 2708 373 2736 d'
393 2711 503 2736 autaut
527 2717 588 2746 que
608 2706 636 2736 lc
660 2707 781 2736 concile
805 2707 842 2736 de

144 2748 244 2779 Nicee
270 2754 317 2778 est
344 2750 397 2784 leu
424 2749 531 2779 l’avoit
558 2751 648 2778 conte
680 2754 767 2778 entre
797 2749 842 2777 les

143 2796 267 2821 sanctes
290 2791 468 2827 Ecrhures,
480 2792 537 2830 j’ai
556 2792 623 2821 obei
649 2795 666 2820 a
684 2796 769 2821 votre
786 2791 840 2820 ‹le-

142 2834 257 2863 mande
269 2834 469 2874 :‘—paroleS,
486 2835 539 2873 qui
556 2836 726 2863 retractent
742 2834 838 2862 diser-

143 2880 263 2905 tement
287 2887 321 2906 cc
346 2877 424 2916 qu'il
449 2877 534 2906 avoit
558 2877 603 2906 dit
627 2887 664 2905 en
689 2886 744 2905 son
762 2876 839 2905 Pro-

141 2918 234 2957 logue
251 2929 305 2948 sur
319 2919 364 2948 les
381 2919 554 2949 Proverbes
569 2931 574 2952 ;
601 2918 676 2957 δια]
702 2933 709 2943 ν

185 2959 198 2972 ⁰
224 2961 342 2997 Canus,
367 2961 404 2990 de
431 2961 509 2991 locis
537 2961 700 3000 Theolog.,
729 2960 784 2990 lib.
809 2960 840 2989 ii.

915 1441 982 1470 cap.
1012 1432 1058 1460 11.
1092 1430 1159 1471 [pp.
1184 1431 1237 1466 66,
1263 1430 1332 1469 67.]
1383 1431 1495 1461 Fateor
1527 1433 1610 1462 enim

914 1478 1056 1513 tempore
1082 1475 1112 1503 S.
1130 1473 1332 1512 Hieronymi,
1348 1474 1431 1512 quod
1457 1484 1540 1503 1111110
1565 1480 1609 1504 te—

914 1526 1036 1552 nemus,
1055 1517 1085 1545 id
1109 1526 1170 1545 non
1188 1516 1287 1545 fuisse
1311 1516 1388 1545 adeo
1405 1522 1535 1546 certum.
1553 1540 1559 1546 .
1579 1541 1584 1547 .
1604 1541 1610 1547 .

914 1558 982 1587 Nee
1003 1559 1086 1588 enim
1103 1569 1213 1588 verum
1234 1563 1291 1593 est,
1309 1558 1340 1587 in
1364 1558 1454 1588 libris
1481 1560 1609 1589 canoni-

912 1601 956 1629 cis
974 1601 1192 1637 decernendis,
1207 1601 1363 1630 Ecclesiae
1381 1601 1524 1640 regulam
1543 1612 1611 1632 esse

912 1643 1166 1683 Hieronymum:
1193 1644 1276 1682 quod
1301 1643 1475 1682 cajetanus
1499 1655 1607 1684 perpe-

911 1696 989 1722 ram,
1008 1697 1046 1716 ne
1071 1687 1174 1716 dicam
1199 1686 1386 1725 perniciose,
1404 1687 1608 1717 existimarit.

913 1728 975 1758 llic
1003 1728 1152 1768 [Hiero.]
1172 1729 1298 1768 quippe,
1318 1729 1370 1766 (ut
1392 1729 1440 1758 ι10,
1461 1729 1608 1759 Coclzeus

911 1781 982 1801 vere
1000 1771 1107 1809 dixit,)
1126 1772 1156 1800 in
1180 1772 1460 1801 connumeratione
1478 1773 1605 1801 canoni-

911 1824 1021 1843 corum
1046 1814 1199 1843 librorum
1223 1814 1259 1844 V.
1280 1814 1327 1849 T.,
1351 1814 1530 1853 Josephum
1557 1826 1606 1844 sc-

910 1862 1003 1886 cutus
1020 1862 1086 1891 est;
1112 1857 1165 1895 qui
1184 1857 1214 1884 in
1231 1856 1250 1885 i.
1269 1856 1321 1885 lib.
1337 1856 1487 1885 adversus
1506 1857 1605 1896 Apio-

910 1908 992 1933 uem,
1018 1909 1057 1928 ex
1081 1899 1238 1937 majorum
1267 1908 1396 1927 suorum
1425 1899 1604 1935 traditione,

910 1941 961 1979 (ut
978 1941 1108 1979 inquit‚)
1127 1941 1202 1969 xxii.
1222 1941 1315 1969 libros
1333 1946 1504 1969 enumerat.
1535 1942 1603 1970 Au-

908 1987 956 2011 tor
971 1988 1017 2012 est
1034 1983 1204 2017 Eusebius,
1221 1982 1272 2011 lib.
1290 1982 1331 2010 iii.
1351 1992 1374 2011 c.
1389 1984 1416 2011 9.
1435 1987 1463 2011 et
1485 1984 1520 2012 19
1524 2005 1602 2013 .....

908 2025 936 2054 A
957 2026 1086 2055 Gelasio
1103 2035 1175 2053 vero
1198 2035 1259 2053 non
1282 2025 1433 2063 probatur
1449 2026 1604 2055 sententia

909 2067 1098 2107 Hieronymi
1116 2068 1147 2096 in
1165 2077 1282 2096 canone
1300 2072 1480 2096 sanctarum
1496 2068 1600 2106 Serip-

908 2115 1062 2140 turarum.
1113 2109 1232 2148 [These
1259 2109 1319 2138 last
1351 2110 1451 2138 words
1483 2110 1537 2139 fall
1570 2111 1600 2139 in

907 2153 1038 2182 another
1049 2153 1149 2188 order,
1162 2152 1192 2181 in
1207 2152 1286 2181 their
1297 2151 1428 2189 original
1446 2157 1601 2188 sentence,

906 2195 996 2224 thus:
1025 2198 1031 2210 ‘
1044 2195 1200 2224 Probatur
1212 2205 1284 2224 vero
1298 2204 1315 2223 a
1329 2194 1458 2223 Gelasio
1473 2199 1599 2224 senten-

906 2238 948 2267 tia
968 2238 1166 2277 Hieronymi,
1193 2247 1254 2266 non
1279 2237 1310 2265 in
1335 2247 1454 2265 canone
1475 2243 1599 2266 sancta-

906 2290 976 2309 rum
1011 2281 1250 2319 Scripturarum
1283 2279 1514 2314 constituendo,
1548 2280 1601 2308 scd

906 2323 935 2351 in
962 2323 1012 2352 his
1036 2323 1220 2352 auctoribus
1243 2322 1504 2357 condemnandis,
1523 2332 1602 2360 quos

906 2365 1124 2404 Hieronymus
1155 2364 1224 2394 zelo
1252 2364 1312 2393 Dei
1345 2368 1375 2393 et
1409 2364 1495 2393 Fidei
1528 2365 1598 2393 reli-

904 2408 997 2446 gione
1014 2406 1254 2446 repreliendit.']

947 2455 960 2472 Ρ
985 2451 1016 2480 S.
1045 2450 1133 2479 Ilivr.
1164 2450 1255 2479 l’raef.
1284 2449 1316 2478 in
1343 2448 1478 2482 Jndith„
1508 2447 1598 2487 [Op..

904 2497 978 2521 tom.
997 2503 1025 2522 x.
1044 2493 1101 2521 col.
1120 2492 1188 2531 2l.]
1238 2491 1333 2531 Apud
1352 2491 1505 2520 IIebrmos
1523 2490 1600 2519 liber

903 2535 1015 2565 Judith
1033 2536 1115 2564 inter
1134 2533 1596 2573 IIagiographa(Apocrypha)

903 2578 1029 2616 legitur,
1053 2578 1145 2616 cnjus
1165 2577 1345 2612 auctoritas,
1365 2576 1403 2605 ad
1425 2575 1597 2604 roboranda

903 2620 959 2649 illa
979 2631 1049 2659 quae
1075 2621 1105 2649 in
1129 2619 1360 2649 contentionem
1379 2618 1518 2652 veniunt,
1536 2617 1595 2646 1111-

903 2673 963 2692 nus
981 2663 1091 2692 idonea
1104 2662 1276 2700 judicatur.
1303 2660 1473 2699 [Chaldaeo
1491 2665 1595 2688 tamen

903 2715 1047 2734 sermone
1085 2705 1292 2742 conscriptus,
1329 2703 1410 2732 inter
1450 2702 1595 2731 historias

903 2752 1114 2786 computatur.
1177 2747 1237 2775 Sed
1279 2745 1362 2784 quia,
1403 2744 1593 2774 &e-WWd.

903 2790 1025 2828 supra]

945 2839 957 2856 ¹¹
987 2831 1086 2866 Idem,
1116 2831 1207 2859 Prznf.
1235 2831 1265 2859 in
1296 2829 1364 2858 libr.
1392 2829 1506 2857 Saloni.
1540 2827 1592 2863 lad

903 2874 1031 2903 Chrom.
1050 2879 1080 2902 et
1099 2873 1237 2907 Heliod„
1256 2878 1328 2901 tom.
1349 2872 1388 2900 ix.
1408 2872 1463 2898 vol.
1488 2870 1592 2905 tesval

903 2916 1053 2952 (Librum
1065 2916 1194 2952 Judith)
1210 2915 1284 2952 legit
1299 2914 1425 2952 quidem
1443 2911 1592 2941 liet-leia.

902 2959 954 2988 scd
985 2959 1088 2995 (eum)
1115 2958 1196 2987 inter
1223 2956 1389 2986 canonicas
1417 2954 1594 2991 Scripturas

836 3014 907 3050 1³2

1691 300 1783 321 TEST.

1666 342 1765 363 CLN'r.
1787 343 1828 364 XV.
