1987 3244
519 199 585 238 tlze
610 199 747 238 Canon
769 197 818 250 of
831 199 896 238 the
918 199 1166 250 Scrsztures.
1520 205 1573 244 79

116 302 164 343 of
179 302 406 358 Britanny.
467 306 550 346 For
569 305 616 345 in
635 304 758 345 those
784 305 897 345 elder
921 305 1047 346 times
1075 306 1149 347 the
1178 306 1281 347 code
1310 308 1357 347 of
1379 308 1454 348 ‘che
1481 310 1577 350 uni-

114 371 249 411 versal
280 372 453 413 Church
484 373 696 426 governed
725 373 845 413 them
876 374 956 424 all,
988 374 1073 414 and
1104 374 1197 415 into
1230 375 1327 416 that
1361 376 1464 416 code
1494 391 1578 418 was

114 439 200 479 this
229 441 361 494 synod
391 441 438 481 of
460 441 670 481 Laodicea
697 442 843 492 taken,
865 446 943 483 not
973 443 1074 497 only
1094 443 1152 496 by
1173 443 1247 483 the
1270 444 1383 484 sixth
1406 448 1580 497 general

116 509 284 549 council
315 509 363 549 of
390 509 743 563 Constantinople
776 510 823 550 in
855 510 1039 561 Trullop,
1079 511 1167 563 (the
1201 525 1360 552 canons
1398 513 1586 554 whereof

115 576 221 617 have
242 577 509 618 otherwhiles
536 592 651 618 some
680 578 947 632 exceptionsq
976 579 1099 620 made
1129 580 1297 633 against
1325 580 1475 634 them,)
1501 581 1580 622 but

114 644 171 698 by
201 645 276 686 the
305 646 451 687 fourth
483 648 655 701 general
687 648 855 689 council
884 649 1072 690 likewise
1109 649 1156 690 of
1184 650 1462 701 Chalcedonr,
1495 652 1580 692 and

117 795 225 835 —Ap.
237 795 359 826 Concil.
371 796 491 834 Labbe,
506 802 583 827 torn.
593 798 658 828 viii.
672 798 730 828 col.
744 797 812 837 30.]

116 838 191 867 Non
205 839 353 868 convenit
364 839 501 878 aliquem
512 840 668 880 judicare,
679 846 710 871 et
721 851 813 870 sanc-

115 885 220 910 torum
237 882 445 911 conciliorum
472 893 609 912 canones
624 883 814 923 relinquere,

120 923 186 962 [vel
212 924 420 954 decretalium
444 925 582 964 regulas,
607 926 638 955 id
662 932 719 962 est,
741 937 814 966 quae

116 966 275 996 habentur
291 967 375 1006 apud
398 977 456 997 nos
479 968 576 998 simul
600 979 674 998 cuni
697 969 762 998 illis
784 970 816 999 in

118 1009 266 1049 canone]
317 1010 445 1041 Quibus
463 1010 602 1049 (autem)
620 1012 653 1041 in
666 1012 817 1042 omnibus

118 1051 342 1082 ecclesiasticis
359 1053 480 1082 utimur
491 1054 635 1091 judiciis,
650 1054 741 1093 (sunt
757 1059 816 1084 sta—

118 1099 189 1124 tuta
219 1095 303 1134 can.)
337 1096 450 1135 Apost.
484 1096 610 1127 Nicaen.
650 1098 817 1137 Ancyran.

121 1137 303 1167 Neocaesar.
321 1138 441 1178 Gangr.
465 1139 614 1170 Antioch.
634 1140 814 1170 Laodicen-

119 1181 215 1218 sium,
256 1180 597 1220 [Chalcedonensium‚
645 1183 815 1213 Sardicen-

120 1223 214 1260 sium,
267 1224 582 1264 Carthaginensium,
624 1226 816 1255 Africanen-

120 1266 204 1295 sium
222 1289 229 1296 .
245 1288 252 1295 .
271 1289 277 1296 .
296 1289 303 1296 .
322 1266 383 1296 Isti
407 1268 536 1297 omnino
560 1272 645 1304 sunt,
662 1279 718 1308 per
738 1279 819 1307 quos

116 1309 264 1347 judicant
279 1309 429 1349 episcopi,
447 1315 477 1339 et
492 1320 548 1349 per
565 1321 643 1349 quos
667 1311 818 1351 episcopi,

119 1351 216 1380 simul
234 1356 265 1380 et
281 1352 399 1387 elerici,
411 1352 624 1392 judicantur]

165 1398 177 1416 Ρ
206 1394 284 1423 Can.
312 1394 609 1434 2.—Obsignamus
640 1396 736 1426 etiam
769 1407 820 1426 ca-

122 1446 232 1472 nones,
249 1437 302 1476 qui
321 1447 339 1466 a
360 1437 388 1468 S.
408 1437 556 1467 Patribus
580 1439 697 1468 nostris
722 1449 819 1478 expo-

122 1479 174 1508 siti
191 1484 283 1514 sunt;
310 1479 328 1509 i.
347 1490 370 1510 e.
388 1490 406 1509 a
423 1482 494 1510 318.
512 1482 630 1511 sanctis
652 1492 687 1511 ac
705 1482 821 1511 divinis

124 1522 278 1560 patribus,
296 1523 351 1561 qui
376 1523 499 1552 Nicaeae
522 1529 749 1560 convenerunt,
767 1525 821 1553 iis-

124 1574 186 1603 que
217 1565 271 1603 qui
303 1566 454 1604 Ancyrae,
484 1566 665 1596 Neocaesar.
698 1567 819 1606 Gangr.

124 1606 274 1636 Antioch.
293 1612 388 1646 atque
404 1607 442 1636 iis
459 1608 556 1638 etiam
573 1610 627 1647 qui
649 1609 682 1638 in
701 1610 819 1639 Laodi-

123 1659 178 1678 cea
194 1649 356 1689 Phrygiae,
374 1651 430 1680 διο.
472 1650 559 1690 [Vid.
585 1652 682 1681 Cone.
702 1652 821 1684 Quini-

123 1696 200 1722 sext.
218 1692 284 1722 sive
310 1693 552 1733 Constantinop.
576 1695 603 1723 3.
629 1705 677 1734 ap.
700 1695 822 1732 Labbe,

122 1740 197 1764 tom.
216 1736 258 1764 vi.
280 1735 337 1765 col.
360 1735 765 1776 1139.-ἐπισφραγίζομεν
789 1736 822 1768 δὲ

124 1777 174 1806 καὶ
190 1776 264 1808 τοὺς
280 1778 410 1809 λοιποὺς
428 1777 548 1810 πάντας
572 1779 670 1819 ἱεροὺς
691 1779 823 1812 κανόνας

122 1819 195 1850 τοὺς
211 1820 267 1850 ὑπὸ
283 1822 346 1850 τῶν
362 1819 459 1860 ἆγίων
478 1822 528 1852 καὶ
550 1821 708 1861 μακαρίων
722 1823 820 1853 πατέ-

123 1874 184 1902 ρων
206 1862 291 1900 ἡμῶν
313 1863 508 1901 ἐκτεθέντας,
525 1877 684 1902 ’ΤΟΙ-ΙΤΕΟἻῚ,
701 1868 764 1896 Τῶν
785 1879 822 1896 ΤΕ

123 1906 156 1934 ἐν
173 1905 284 1956 Νικαίᾳ
307 1906 591 1946 συναθροισθέντων
611 1906 681 1944 τιη’.
711 1908 822 1947 θεοφό-

124 1960 184 1987 ρων
201 1946 298 1986 ἁγίων
313 1948 464 1988 πατέρων,
483 1950 532 1979 καὶ
548 1952 612 1980 τῶν
629 1952 662 1980 ἐν
678 1950 824 2004 Ἀγκύρᾳ·

125 1989 171 2020 ἔτι
186 1991 248 2028 μὴν
264 1992 314 2021 Καὶ
330 1994 392 2021 ’Τῶν
411 2004 444 2022 ΕῙΙ
461 1992 700 2045 ΝΕΟΚαιΠάρΕιᾳ’
723 1993 822 2023 ὡσαυ·

125 2045 186 2064 τως
209 2034 260 2063 καὶ
284 2036 347 2063 τῶν
372 2035 405 2064 ἐν
430 2033 595 2074 Γάγγραις,
613 2035 689 2074 πρὸς
716 2034 748 2065 δὲ
773 2036 824 2066 καὶ

125 2077 189 2105 τῶν
206 2077 238 2105 ἐν
251 2076 431 2116 Ἀντιοχείᾳ
445 2079 502 2112 τῆς
518 2076 639 2116 Συρίας
662 2078 748 2108 ἀλλὰ
763 2078 825 2115 μὴν

126 2118 177 2147 καὶ
193 2120 255 2148 τῶν
274 2120 306 2148 ἐν
321 2119 486 2159 Λαοδικείᾳ
501 2132 558 2155 της
583 2119 727 2159 Φρυγίας·
747 2133 822 2164 προ-

127 2172 163 2190 ff&
167 2173 196 2190 ΤΙ
214 2173 261 2190 Καί
279 2163 343 2190 Τῶν
359 2160 505 2199 ρν1.’7’ῶ1]
522 2163 555 2192 ἐν
570 2175 669 2203 Taum]
696 2175 735 2203 7'7]
755 2166 824 2193 060-

127 2202 279 2242 φυλάκτῳ
296 2204 348 2233 και
372 2205 513 2238 βασιλίδι
531 2204 750 2235 συνελθόντωι
766 2205 821 2236 πό-

127 2252 187 2275 λει·
211 2246 261 2276 καὶ
277 2248 340 2276 τῶν
356 2247 522 2277 διακοσιων
539 2250 601 2278 τῶν
618 2249 650 2278 ἐν
665 2260 704 2289 τη
730 2250 824 2287 Ἐφε-

127 2287 401 2328 σίωνμητροπόλει
414 2289 450 2319 τὸ
461 2292 614 2330 πρότερον
625 2302 822 2330 συναγηγερ-

125 2330 236 2368 μένων·
260 2332 310 2361 καὶ
326 2334 389 2362 τῶν
407 2333 440 2361 ἐν
457 2332 637 2372 Καλχηδόνι
656 2334 824 2372 ἑξακοσίων

125 2386 294 2413 ΤρίαΚΟΙΙΤα
318 2372 414 2411 ἁγίων
429 2387 479 2405 Καὶ
498 2388 655 2415 μακαρίων
670 2386 824 2417 παΤΕρων

127 2415 273 2447 ὡσαύτως
298 2417 348 2447 καὶ
376 2419 439 2448 τῶν
463 2419 495 2448 ἐν
518 2420 663 2459 Σαρδικῇ·
694 2418 742 2449 ἔτι
764 2419 825 2457 μὴν

126 2459 256 2489 καὶτῶν
272 2461 305 2490 ἐν
322 2460 515 2501 Καρθαγένῃ,
534 2473 563 2492 κ.
566 2474 593 2491 τ,
598 2468 628 2492 λ.
637 2462 649 2501 ]
688 2463 737 2492 Ad
756 2463 826 2493 haec

126 2502 316 2532 Balsamon:
365 2504 474 2541 Hujus
504 2505 672 2544 praescntis
696 2505 827 2535 canonis

124 2550 278 2584 perpetuo
318 2547 490 2576 recordare.
508 2565 550 2568 —
575 2547 664 2587 [Vid.
705 2548 825 2578 Theod.

126 2587 266 2617 Balsam.
292 2593 355 2618 not.
381 2589 413 2618 111
440 2590 536 2620 Cone.
556 2590 738 2622 Quinisext.
757 2602 825 2621 can.

128 2632 156 2660 2.
174 2641 203 2670 p.
222 2632 397 2661 &Mu—‘rofi
418 2631 570 2671 παρόντος
594 2632 723 2664 κανόνος
747 2633 826 2671 μέμ-

126 2684 204 2708 νησο
220 2674 375 2709 διηνεκῶς’
402 2675 614 2712 ἐπιστομίσεις
638 2675 699 2715 γὰρ
716 2677 752 2706 δι’
772 2677 824 2706 αὐ-

127 2716 184 2744 τοῦ
209 2728 283 2746 τους
305 2715 462 2755 λέγοντας
488 2717 531 2755 μη
557 2719 720 2754 ἐκτεθῆναι
746 2719 828 2758 παρὰ

128 2759 192 2787 τῶν
200 2755 494 2795 ἄγίωνάποστόλων
504 2760 634 2791 κανόνας
644 2759 702 2790 πε’.
714 2773 739 2791 κ.
743 2774 770 2791 τ.
776 2768 805 2791 λ.
812 2761 824 2801 ]

172 2805 184 2823 ‘¹
210 2801 331 2831 Melch.
360 2802 710 2838 Ca11.,1ib.i.c.nlt.
738 2804 826 2843 [vide

128 2841 184 2871 lib.
208 2853 235 2872 v.
263 2843 347 2883 (cap.
372 2850 580 2884 posti-,omum
588 2846 598 2884 )
646 2846 695 2876 Dc
718 2852 827 2876 aucto-

129 2885 220 2914 rirate
235 2885 464 2923 Cmrciliorum,
476 2898 504 2927 p.
519 2888 591 2920 287.
595 2889 711 2919 —Non
731 2900 828 2929 paiva

131 2928 265 2966 quaestio
303 2934 359 2965 est,
395 2940 473 2959 num
512 2941 648 2961 canones
682 2932 707 2961 Τ
712 2932 828 2962 rullmi

130 2969 378 3001 ecclesiasticam
409 2972 545 3004 habeant
574 2974 826 3014 auctoritatem]

874 799 1005 836 Baron.,
1021 804 1097 829 tom.
1110 800 1175 830 viii.
1191 800 1230 829 ad
1248 799 1309 830 An.
1328 800 1400 830 692.
1421 799 1501 838 [vid.
1517 801 1576 831 eol.

875 841 965 881 7642]
984 847 1014 872 et
1037 842 1131 872 illmn
1155 843 1370 872 transcribens
1396 843 1522 879 Binius,
1540 844 1581 874 ad

874 884 959 914 istud
997 885 1180 915 Concilium
1217 885 1460 917 Quinisextum.
1495 886 1578 925 [vid.

875 927 962 957 Binii
980 932 1045 957 not.
1063 928 1096 958 in
1120 928 1217 958 Cone.
1246 929 1448 958 Constantin.
1467 929 1510 959 iii.
1529 940 1578 969 ap.

877 970 997 1007 Labbe,
1014 976 1090 1001 tom.
1108 971 1149 1000 vi.
1172 971 1230 1001 col.
1252 970 1360 1010 1208]

919 1019 930 1032 ¹·
954 1014 1030 1043 Act.
1046 1014 1087 1043 iv.
1107 1014 1181 1044 Act.
1201 1014 1242 1044 xi.
1269 1019 1300 1044 et
1316 1015 1390 1044 Act.
1412 1014 1478 1043 xiii.
1498 1014 1578 1053 [vid.

877 1055 975 1085 Cone.
1008 1057 1158 1086 Chalced.
1192 1057 1311 1092 Labbe,
1338 1062 1414 1086 tom.
1446 1057 1486 1087 iv.
1519 1057 1579 1087 col.

877 1099 948 1131 527.
974 1099 1420 1139 Epist.Archimandritarum
1430 1099 1469 1128 ad
1480 1100 1578 1129 Chal-

876 1142 1054 1172 cedonense
1085 1142 1278 1172 Concilium.
1286 1141 1457 1172 -Ἀέτιος
1487 1142 1578 1182 ἀρχι-

877 1183 1018 1215 διάκονος
1045 1186 1103 1221 τῆς
1131 1184 1213 1215 κατὰ
1241 1183 1578 1215 Κωνσταντινούπολιν

878 1225 969 1281 ἁγίας
985 1227 1035 1257 καὶ
1052 1229 1219 1263 καθολικῆς
1237 1226 1408 1263 ἐκκλησίας
1426 1225 1503 1256 εἶπε·
1520 1239 1575 1257 κα-

878 1269 938 1299 νών
954 1270 1043 1300 ἐστιν
1058 1268 1159 1306 οὗτος,
1177 1270 1210 1300 ὅς
1224 1270 1306 1307 μετὰ
1321 1272 1384 1300 τῶν
1400 1269 1509 1300 ἄλλων
1524 1269 1578 1299 τέ-

879 1314 976 1342 θειται
1005 1311 1089 1349 παρὰ
1119 1314 1182 1342 τῶν
1212 1310 1310 1350 ἁγίων
1339 1311 1492 1351 πατέρων·
1528 1312 1580 1343 οὓς

879 1353 1106 1393 φυλάττοντες,
1119 1355 1148 1385 οἱ
1163 1354 1247 1393 ἅγιοι
1263 1353 1395 1394 πατέρες
1408 1355 1437 1384 οἵ
1452 1353 1580 1385 ἐπίσκο-

879 1409 931 1427 ποι
953 1396 1172 1428 ἐκδιδάσκουσι
1197 1397 1362 1436 κληρικοὺς
1389 1397 1440 1427 καὶ
1461 1396 1582 1428 πάντας

879 1438 954 1470 τοὺς
978 1439 1262 1479 χριστιανίζοντας,
1282 1439 1308 1469 εἰ
1329 1440 1444 1479 εὕροιεν
1459 1439 1478 1475 ἢ
1499 1440 1580 1479 ἀφη-

880 1484 1019 1518 νιῶντας,
1045 1482 1064 1519 ἢ
1093 1482 1136 1521 μὴ
1163 1481 1376 1520 βουλομένους
1407 1481 1582 1518 πείθεσθαι,

880 1526 1049 1562 κεκρῆσθαι
1079 1527 1124 1563 τῷ
1154 1526 1260 1555 κανόνι
1289 1523 1400 1563 τούτῳ.
1440 1524 1491 1554 καὶ
1522 1524 1583 1554 ἀπὸ

880 1567 1011 1602 βιβλίου
1027 1566 1148 1606 ἀνέγνω
1163 1569 1275 1598 ταῦτα·
1301 1567 1375 1598 εἴτις
1403 1566 1581 1605 πρεσβύτε-

879 1621 940 1649 ρος,
959 1616 1051 1640 κ.τ.λ.
1071 1633 1077 1639 .
1096 1633 1102 1639 .
1125 1633 1131 1639 .
1152 1634 1158 1640 .
1173 1608 1290 1640 πάντες
1304 1610 1333 1640 οἱ
1349 1608 1583 1644 εὐλαβέστατοι

882 1651 1048 1683 ἐπίσκοποι
1062 1651 1213 1689 ἐβόησαν·
1237 1652 1328 1683 οὗτος
1341 1651 1458 1683 δίκαιος
1471 1653 1582 1690 κανὼν,

882 1693 972 1726 οὗτος
1003 1696 1019 1725 ὃ
1048 1696 1149 1726 κανὼν
1174 1697 1238 1726 τῶν
1262 1693 1360 1733 ἁγίων
1386 1694 1584 1735 πατέρων.-

882 1738 1021 1774 Βωςιιε,
1045 1739 1102 1768 col.
1120 1738 1191 1769 537.
1218 1737 1337 1778 φανερὰ
1361 1736 1394 1768 δὲ
1421 1737 1582 1778 διαγορεύ-

883 1792 972 1811 ουσιν
987 1781 1016 1811 οἱ
1032 1782 1107 1811 θεῖοι
1121 1779 1248 1812 κανόνες
1269 1781 1350 1811 κατὰ
1370 1782 1434 1811 τῶν
1454 1780 1494 1811 τὰ
1517 1793 1582 1810 τοι-

884 1824 963 1853 αῦτα
984 1823 1218 1863 σφαλλομένων
1233 1825 1391 1862 κληρικῶν
1406 1836 1442 1853 τε
1460 1823 1511 1853 καὶ
1527 1835 1581 1860 μο-

883 1868 996 1905 ναχῶν.
1023 1866 1049 1896 εἰ
1073 1867 1234 1901 κελεύετε,
1250 1864 1381 1897 τούτους
1400 1865 1583 1903 ἇναγνωσό-

882 1911 971 1945 μεθα·
996 1908 1102 1944 ἐπειδή
1117 1921 1174 1948 περ
1189 1907 1334 1947 μάλιστα
1349 1908 1399 1938 καὶ
1419 1907 1585 1947 φαίνονται

885 1951 920 1980 ἐκ
944 1952 1068 1981 πολλοῦ
1093 1950 1288 1990 χωρίσαντες
1314 1950 1443 1980 ἑαυτοὺς
1468 1952 1525 1986 τῆς
1549 1963 1585 1980 τε

885 1991 1062 2030 ἁγιωτάτης
1080 1994 1129 2023 καὶ
1146 1995 1316 2028 καθολικῆς
1333 1991 1517 2029 ἐκκλησίας,
1534 1994 1585 2023 καὶ

884 2038 941 2065 τοῦ
968 2035 1044 2065 ἰδίου
1071 2035 1254 2071 ἐπισκόπου,
1279 2036 1361 2065 ὥστε
1387 2035 1438 2065 καὶ
1462 2036 1497 2065 ἐκ
1523 2037 1586 2065 τῶν

883 2079 952 2116 παρ’
970 2079 1070 2108 αὐτῶν
1087 2077 1292 2108 ἐπιδοθέντων
1307 2076 1473 2112 λιβέλλωι
1487 2084 1584 2117 φανε-

883 2120 938 2159 ρὰν
961 2133 1020 2157 την
1043 2121 1160 2150 ἑαυτῶν
1182 2121 1311 2159 γνώμην
1326 2120 1540 2156 κατέστησαν.
1566 2120 1586 2156 ἡ

885 2161 960 2201 ἁγία
981 2163 1110 2194 συνοδος
1135 2162 1231 2193 εἶπεν·
1256 2164 1286 2193 οἱ
1309 2164 1385 2193 θεῖοι
1406 2166 1470 2193 τῶν
1485 2161 1583 2192 πατέ-

883 2218 942 2245 ρων
959 2205 1086 2237 κανόνες
1102 2205 1436 2243 ἀναγινωσκέσθωσαν,
1455 2206 1504 2235 καὶ
1531 2207 1584 2243 ἐμ-

884 2248 1087 2288 φερέσθωσαν
1113 2261 1179 2280 τοις
1207 2249 1413 2286 ὑπομνήμασι.
1451 2248 1501 2278 καὶ
1530 2255 1587 2278 λα-

884 2292 949 2326 βὼν
975 2295 1035 2327 τὴν
1061 2290 1189 2327 βίβλον,
1217 2291 1336 2322 Ἀέτιος
1368 2290 1587 2330 ἇρχιδιάκονος

883 2334 933 2364 καὶ
949 2335 1165 2374 πριμμικήριος
1176 2336 1232 2370 τῆς
1245 2332 1390 2371 μεγάλης
1401 2333 1585 2370 ἐκκλησίας,

884 2376 1013 2415 ἀνέγνω,
1032 2377 1383 2414 fc.†.>x.—R,m·sus,e01.
1398 2378 1469 2406 (591.
1503 2381 1585 2406 Βασ-

885 2419 990 2450 σιανὸς
1007 2421 1022 2449 ὁ
1039 2419 1277 2455 εὐλαβέστατος
1290 2419 1385 2450 εἶπεν·
1403 2443 1409 2449 .
1428 2443 1434 2449 .
1453 2441 1460 2449 .
1486 2419 1515 2448 οἱ
1530 2431 1585 2449 κα-

886 2463 971 2493 νόνες
1002 2463 1121 2503 φανερὰ
1147 2462 1286 2501 ἔχουσιν·
1326 2463 1354 2492 οἱ
1382 2461 1536 2500 πατέρες.
1556 2485 1562 2492 .
1578 2485 1584 2492 .

886 2505 974 2535 αὐτοὶ
997 2506 1136 2535 εἴπωσιν·
1159 2506 1262 2535 οἴδασι
1286 2504 1359 2536 τοὺς
1382 2504 1513 2535 κανόνας
1529 2528 1535 2534 .
1553 2528 1559 2534 .
1577 2528 1585 2535 .

888 2547 1049 2587 Στέφανος
1074 2550 1090 2578 ὁ
1117 2547 1355 2583 εὐλαβέστατος
1379 2547 1475 2578 εἶπεν·
1514 2547 1586 2585 ἀξιῶ

886 2591 960 2621 τοὺς
978 2590 1108 2621 κανόνας
1119 2591 1367 2629 ἀναγνωσθῆναι,
1379 2591 1452 2620 τοὺς
1469 2589 1584 2628 λέγον-

886 2643 953 2664 τας·
978 2634 1059 2664 ὥστε
1079 2636 1110 2664 ἐν
1126 2633 1217 2674 ἑτέρᾳ
1230 2633 1323 2664 πόλει
1337 2633 1393 2663 τὸν
1403 2644 1586 2672 χειροτονη-

888 2675 981 2707 θέντα
997 2676 1039 2714 μὴ
1056 2676 1204 2706 δύνασθαι
1220 2677 1253 2706 ἐν
1265 2675 1355 2716 ἑτέρᾳ
1369 2675 1584 2706 καθίστασζαι.

887 2720 916 2749 οἱ
941 2718 1137 2757 ἐνδοξότατοι
1162 2719 1317 2758 ἄρχοντες
1345 2718 1440 2749 εἶπον·
1476 2718 1585 2755 ἀναγιι·

887 2761 1116 2792 νωσκέσθωσαν
1131 2763 1159 2792 οἱ
1179 2760 1314 2792 κανόνες.
1340 2761 1485 2791 Λεόντιος
1503 2762 1518 2790 ὁ
1536 2761 1585 2789 εὐ-

887 2804 1088 2839 λαβέστατος
1112 2804 1282 2835 ἐπίσκοπος
1308 2802 1492 2841 Μαγνησίας
1517 2801 1586 2832 ἀνέ-

887 2858 960 2884 γνω.
980 2853 1072 2877 κ.τ.λ.
1098 2871 1106 2878 .
1150 2871 1156 2877 .
1176 2870 1182 2877 .
1206 2849 1221 2877 ὁ
1239 2847 1329 2876 αὐτὸς
1347 2845 1586 2881 εὐλαβέστατος

887 2888 1034 2920 Λεόντιος
1060 2889 1229 2920 ἐπίσκοπος
1246 2888 1366 2927 ἀνέγνω
1384 2889 1444 2918 ἀπὸ
1461 2889 1516 2917 τοῦ
1534 2887 1586 2916 αὐ-

887 2933 944 2961 τοῦ
959 2932 1097 2966 βιβλίου.
1111 2931 1457 2967 zc.†.7x.-Rursus,e‹›l.
1470 2931 1503 2961 71
1516 2932 1540 2958 l.
1557 2928 1586 2959 οἱ

890 2973 1084 3013 ἐνδοξότατοι
1107 2974 1260 3014 ἄρχοντες
1286 2973 1381 3004 εἶπον·
1410 2973 1585 3010 ἀναγινωσ-

1647 325 1741 348 TES'r.

1610 368 1708 390 CENT.
1727 369 1772 390 lv.
