1987 3244
373 211 430 249 94
803 213 842 250 A
865 212 1138 252 Sclzolastz’cal
1155 214 1332 265 History
1354 213 1403 265 of

178 323 340 355 CHAP.
373 318 445 355 cut
474 315 509 355 it
539 315 601 356 off
625 315 733 356 from
763 316 837 356 the
870 318 1090 370 catalogue
1120 318 1168 358 of
1193 318 1332 358 divine
1367 318 1628 372 Scriptures3
1666 319 1751 359 and
1781 320 1828 360 of

230 366 288 396 VI.
372 381 565 433 Judithh,
587 383 682 423 that
706 383 741 423 it
761 398 843 423 was
874 385 1058 424 counted
1089 399 1245 438 among
1274 385 1348 425 the
1368 386 1633 440 Apocrypha.
1695 388 1735 426 9.
1767 388 1823 427 In

370 450 436 490 his
466 450 628 503 Epistle
657 455 702 490 to
735 451 954 501 Paulinus,
976 452 1132 504 having
1163 452 1365 493 exhorted
1395 453 1484 493 him
1515 457 1560 493 to
1592 453 1665 493 the
1696 454 1823 507 study

370 518 418 558 of
442 518 515 558 the
539 517 653 572 Holy
678 518 926 571 Scriptures‚
950 519 1033 559 and
1063 519 1274 560 reckoned
1300 535 1357 574 up
1389 521 1444 560 all
1470 521 1544 562 the
1573 521 1707 561 books
1728 521 1823 562 that

369 584 526 638 belong
555 585 796 635 thereunto,
833 585 1014 638 (neither
1048 601 1164 627 more
1200 601 1279 627 nor
1308 588 1389 627 less
1425 588 1528 628 than
1558 602 1620 628 we
1652 588 1735 641 do,)
1768 588 1823 628 he

370 653 529 693 endeth
549 653 614 692 his
636 653 769 693 whole
791 653 1003 694 discourse
1029 654 1158 695 about
1179 655 1298 695 them
1319 655 1422 695 with
1442 656 1528 695 this
1556 655 1824 696 remarkable

371 721 755 771 sentencei,—-that
773 725 797 742 “
811 721 930 761 these
946 721 1078 762 books
1095 723 1229 776 ought
1250 728 1295 764 to
1316 723 1369 763 be
1389 724 1462 763 the
1483 724 1574 764 rule
1591 724 1637 763 of
1651 723 1717 763 his
1737 723 1822 772 life,

371 788 456 828 and
476 788 540 827 his
567 788 788 828 continual
808 789 1073 839 meditation,
1094 790 1225 843 being
1254 795 1330 831 not
1361 791 1529 831 curious
1556 795 1601 831 to
1631 791 1756 831 know
1778 804 1825 830 or

372 856 470 896 seek
502 856 609 895 after
640 870 723 909 any
753 856 878 909 thing
908 856 1118 897 besides.'’
1196 860 1263 898 10.
1296 858 1350 898 In
1380 858 1446 897 his
1481 858 1646 911 preface
1678 866 1720 898 to
1751 857 1825 898 the

370 922 483 962 book
514 922 561 962 of
595 923 751 962 Esther
764 924 794 973 k,
826 923 880 963 he
917 924 1069 963 noteth
1104 924 1198 964 that
1234 925 1307 965 the
1339 926 1486 977 vulgar
1516 925 1677 965 edition
1708 924 1755 965 of
1790 924 1824 964 it

369 990 454 1030 had
475 991 720 1030 contracted
746 1005 875 1045 many
896 993 1175 1045 corruptions,
1198 993 1283 1032 and
1304 993 1398 1032 that
1421 993 1556 1032 divers
1582 993 1718 1045 pieces
1740 992 1825 1032 had

370 1056 479 1097 been
501 1057 637 1097 added
657 1062 702 1098 to
723 1057 768 1107 it,
792 1059 1017 1111 according
1047 1063 1091 1099 to
1122 1060 1257 1099 men’s
1284 1060 1442 1100 fancies
1472 1060 1556 1099 and
1577 1060 1762 1100 conceits
1784 1059 1831 1099 of

370 1124 483 1163 what
503 1125 576 1164 the
603 1139 776 1177 persons
802 1126 922 1166 there
952 1127 1107 1166 named
1134 1128 1272 1180 might
1294 1127 1499 1181 probably
1521 1128 1574 1167 do
1595 1141 1642 1167 or
1671 1128 1823 1181 speak:

369 1191 506 1230 which
535 1191 589 1231 he
619 1192 830 1232 therefore
865 1194 1079 1233 corrected
1114 1194 1171 1247 by
1200 1195 1274 1234 the
1310 1195 1503 1246 original,
1536 1195 1620 1234 and
1654 1195 1825 1235 severed

369 1258 488 1298 them
518 1258 628 1298 from
658 1259 732 1299 the
762 1264 861 1309 rest,
891 1275 935 1300 as
966 1261 1069 1314 they
1098 1275 1192 1301 now
1224 1261 1350 1301 stand
1381 1262 1467 1301 also
1499 1261 1823 1314 distinguished,

368 1326 474 1366 both
504 1327 550 1366 in
580 1328 654 1367 the
685 1328 833 1380 vulgar
863 1328 994 1368 Latin
1024 1328 1182 1379 Bibles,
1211 1329 1296 1369 and
1325 1329 1371 1368 in
1402 1343 1512 1369 ours.
1576 1331 1644 1370 11.
1677 1330 1731 1370 In
1760 1330 1825 1369 his

370 1394 533 1447 Epistle
574 1399 619 1434 to
659 1394 795 1435 Laeta¹
833 1396 994 1449 (giving
1033 1396 1110 1436 her
1142 1396 1284 1437 advice
1320 1397 1412 1437 how
1452 1400 1498 1437 to
1532 1396 1715 1438 instruct
1750 1397 1825 1438 her

370 1513 500 1553 crypha)
518 1519 704 1550 memorant,
717 1520 954 1555 nuncuparunt.
980 1516 1067 1555 [The

371 1556 580 1586 Benedictine
592 1557 709 1586 edition
724 1559 816 1587 reads
833 1561 839 1573 ‘
850 1559 1064 1598 Apocrypha,’

365 1599 444 1627 with
474 1599 528 1628 the
559 1599 722 1638 following
752 1600 955 1639 explanation
986 1602 1019 1630 in
1051 1611 1068 1630 a

370 1645 463 1670 note:
490 1643 509 1657 ‘⁶
521 1641 669 1681 Plerique
687 1642 740 1671 alii
751 1642 833 1677 libri,
846 1652 919 1671 cum
935 1648 1068 1679 vetereS,

370 1687 439 1712 tum
463 1684 663 1719 recentiores,
688 1684 802 1722 legunt
824 1686 1068 1724 Hagiograplza:

372 1724 589 1754 Nihilosecius
612 1726 768 1765 impressa
790 1726 884 1755 lectio
903 1728 1066 1766 ‘Apocry-

371 1767 455 1806 phas
475 1778 569 1806 quam
594 1773 624 1797 et
649 1768 861 1798 Martianaeus
883 1769 1006 1808 pridem
1031 1780 1069 1798 ex

372 1809 468 1839 MSS.
501 1810 649 1845 restituit,
680 1811 834 1850 bonisque
871 1812 1070 1850 argumentis

372 1852 522 1888 munivit,
538 1853 632 1881 unice
648 1863 721 1881 vera
737 1858 802 1887 est3
827 1863 960 1892 eamque
976 1854 1070 1883 unice

372 1894 485 1932 probat
509 1899 539 1923 et
566 1905 615 1923 res
638 1895 718 1933 ipsa,
743 1900 773 1924 et
798 1896 1070 1935 Hieronymianus

373 1940 541 1965 contextus
553 1939 583 1971 ;'’
602 1936 679 1976 δίει]

417 1976 429 1995 ¹¹
454 1978 558 2015 Idem,
586 1978 681 2008 Praef.
708 1979 741 2008 in
764 1979 886 2009 Judith.
914 1979 1007 2018 [tom.
1040 1990 1070 2009 x.

375 2020 435 2050 col.
459 2020 526 2059 2i.]
553 2021 649 2060 Apud
677 2021 831 2050 Hebraeos
856 2022 935 2051 liber
957 2023 1071 2052 Judith

373 2062 457 2091 inter
483 2063 710 2102 Hagiographa
735 2063 960 2104 (Apocrypha)
990 2065 1069 2103 legi-

373 2110 443 2133 tur:
484 2106 576 2143 cujus
612 2105 782 2135 auctoritas
821 2107 859 2135 ad
897 2107 1073 2136 roboranda

372 2146 437 2181 illa,
477 2157 548 2186 quae
586 2147 618 2176 in
657 2148 890 2178 contentionem
930 2150 1071 2186 veniunt,

374 2189 482 2217 minus
519 2189 632 2218 idonea
664 2189 837 2227 judicatur.
901 2190 1072 2229 [Chaldaeo

374 2234 480 2258 tamen
505 2241 649 2260 sermone
672 2233 882 2271 conscriptus,
900 2233 982 2262 inter
1005 2234 1070 2263 his-

373 2272 471 2301 torias
499 2278 710 2311 computatur.
773 2274 846 2309 Sed,
879 2275 953 2312 quia
986 2275 1072 2305 hunc

374 2313 492 2342 librum
525 2314 672 2353 Synodus
704 2315 839 2344 Nicaena
868 2316 900 2344 in
938 2327 1072 2346 numero

375 2354 563 2384 Sanctarum
582 2356 818 2394 Scripturarum
842 2358 961 2396 legitur
984 2369 1070 2388 com-

374 2402 511 2436 putasse,
537 2398 682 2436 acquievi
708 2399 914 2437 postulationi
946 2406 1070 2436 vestrae,

374 2440 440 2468 imo
454 2439 737 2469 exactioni—VM.
748 2445 811 2470 not.
823 2441 855 2470 in
867 2442 950 2471 verb.
961 2443 1069 2481 “Apo-

376 2482 528 2520 crypha,”
548 2491 597 2521 ap.
615 2482 660 2511 ed.
680 2482 758 2511 Ben.
805 2485 822 2498 “
837 2483 990 2512 Diximus
1008 2486 1068 2513 sor-

375 2528 457 2553 tasse
481 2524 553 2563 plus
577 2524 652 2553 satis
677 2524 715 2553 de
738 2524 834 2563 hujus
858 2526 988 2554 veritate
1004 2526 1068 2555 lec-

375 2566 470 2594 tionis
499 2576 596 2605 supra
620 2566 659 2595 ad
686 2567 851 2605 geminum
881 2568 934 2597 isti
963 2568 1070 2597 locum

378 2607 506 2646 Prologi
523 2609 555 2636 in
572 2608 704 2637 Tobiam
720 2610 749 2643 ;’'
776 2609 851 2648 Sic]

421 2648 428 2667 ³
454 2650 554 2684 Idem,
582 2650 641 2689 Ep.
666 2651 705 2679 ad
729 2651 857 2680 Paulin.
881 2651 1001 2690 [Epist.
1022 2654 1071 2682 53.

377 2693 441 2729 §S,
466 2694 492 2721 9.
518 2696 592 2721 tom.
619 2693 637 2721 i.
663 2693 720 2723 col.
746 2693 818 2728 274,
843 2698 873 2722 et
898 2694 954 2723 col.
981 2694 1069 2734 278]

377 2733 642 2763 Manifestissima
662 2740 710 2764 est
727 2735 873 2771 Genesis,
891 2735 939 2774 [in
957 2747 1019 2775 qua
1036 2737 1073 2766 de

375 2782 490 2805 natura
518 2777 640 2811 mundi,
673 2776 748 2816 δῖα]
810 2777 902 2807 Patet
928 2778 1073 2815 Exodus,

377 2818 434 2847 &c.
453 2817 569 2856 (usque
593 2818 632 2847 ad
657 2819 903 2859 Apocalypsim3
931 2819 986 2859 [de
1010 2831 1072 2859 quo

375 2859 457 2888 libro
481 2860 575 2889 dicit:
609 2863 625 2875 ‘⁶
640 2860 850 2901 Apocalypsis
872 2863 1005 2892 Joannis
1028 2868 1073 2893 tot

376 2901 472 2931 habet
488 2907 693 2937 sacramenta,
708 2910 785 2942 quot
800 2904 902 2934 verba.
954 2906 1071 2935 Parum

378 2943 443 2973 dixi
459 2954 513 2984 pro
530 2944 640 2974 merito
651 2945 832 2977 voluminis.
867 2947 954 2977 Laus
970 2949 1072 2977 omnis

1126 1518 1255 1547 inferior
1278 1523 1342 1548 est:
1367 1519 1399 1548 in
1424 1518 1527 1548 verbis
1553 1519 1690 1558 singulis
1712 1519 1824 1549 multi-

1126 1560 1225 1600 plices
1249 1561 1349 1590 latent
1364 1561 1655 1600 intelligentiae.'’])
1702 1561 1766 1591 Oro
1785 1566 1826 1597 te,

1127 1603 1223 1632 frater
1246 1603 1421 1638 carissime,
1438 1603 1521 1632 inter
1543 1604 1612 1632 haec
1635 1604 1750 1639 vivere,
1768 1604 1827 1633 ista

1127 1645 1283 1681 meditari,
1298 1645 1377 1674 nihil
1400 1645 1487 1674 aliud
1509 1655 1611 1681 nosse,
1635 1645 1715 1675 nihil
1739 1656 1827 1684 quae-

1126 1697 1204 1716 rere.

1171 1727 1185 1746 ¹‘
1210 1728 1311 1764 Idem,
1329 1729 1456 1758 Praefat.
1472 1729 1503 1758 in
1518 1729 1572 1759 lib.
1587 1729 1713 1760 Esther.
1730 1729 1824 1768 [tom.

1128 1771 1170 1799 ix.
1195 1771 1254 1800 col.
1277 1772 1383 1810 1565]
1434 1771 1569 1801 Librum
1590 1771 1709 1801 Esther
1731 1773 1828 1802 variis

1128 1813 1369 1843 translatoribus
1400 1819 1523 1843 constat
1552 1824 1620 1843 esse
1657 1815 1825 1844 vitiatum:

1130 1865 1225 1894 quem
1244 1866 1301 1894 ego
1326 1856 1364 1885 de
1379 1856 1528 1885 Archivis
1547 1856 1760 1886 Hebraeorum
1776 1868 1825 1886 re-

1128 1897 1248 1933 levans,
1266 1898 1396 1927 verbum
1414 1908 1429 1927 e
1453 1899 1546 1928 verbo
1571 1899 1751 1938 expressius
1770 1899 1825 1937 (al.

1128 1940 1283 1979 pressius)
1302 1940 1459 1969 transtuli.
1500 1941 1607 1971 Quem
1625 1941 1741 1970 librum
1758 1942 1824 1971 edi·

1130 1983 1174 2011 tio
1190 1982 1330 2020 Vulgata
1345 1982 1504 2012 laciniosis
1525 1983 1601 2012 hinc
1623 1983 1697 2012 inde
1713 1985 1825 2013 verbo—

1129 2034 1201 2053 rum
1226 2024 1342 2054 finibus
1366 2025 1472 2060 trahit,
1490 2025 1608 2054 addens
1631 2035 1665 2054 ea
1691 2036 1762 2064 quae
1788 2037 1826 2055 ex

1130 2071 1272 2106 tempore
1291 2067 1352 2096 dici
1374 2072 1520 2106 poterant
1544 2072 1574 2096 et
1597 2068 1718 2102 audi1·i;
1744 2068 1827 2098 sicut

1131 2109 1260 2138 solitum
1300 2115 1347 2138 est
1385 2110 1582 2139 scholaribus
1621 2109 1826 2149 [disciplinis‚

1131 2156 1236 2181 sumto
1273 2151 1440 2191 themate‚]
1473 2152 1661 2191 excogitare,
1693 2152 1828 2192 [quibus

1130 2194 1235 2223 verbis
1259 2194 1305 2223 nti
1330 2195 1441 2233 potuit,
1461 2195 1514 2233 qui
1539 2195 1690 2233 injuriam
1713 2205 1827 2234 passus

1131 2241 1190 2269 est,
1206 2236 1254 2265 vel
1272 2236 1326 2265 ille
1342 2237 1396 2276 qui
1413 2237 1563 2275 injuriam
1581 2236 1681 2276 fecit.]

1176 2276 1183 2293 ¹
1210 2278 1311 2313 Idem,
1338 2279 1370 2308 in
1399 2279 1459 2318 Ep.
1486 2279 1525 2308 ad
1556 2279 1689 2308 Laetam.
1718 2278 1750 2318 [§
1779 2281 1826 2311 12.

1132 2324 1208 2349 tom.
1228 2320 1247 2349 i.
1266 2320 1323 2349 col.
1343 2321 1432 2359 681]
1481 2321 1594 2350 Discat
1617 2322 1719 2360 primo
1736 2322 1826 2351 Psal-

1131 2362 1257 2395 terium,
1281 2363 1331 2391 his
1356 2373 1388 2392 se
1414 2363 1555 2392 Canticis
1578 2369 1707 2398 avocet;
1740 2369 1771 2393 et
1794 2365 1827 2393 in

1132 2403 1309 2433 Proverbiis
1328 2404 1505 2433 Salomonis
1529 2406 1694 2435 erudiatur
1716 2406 1755 2435 ad
1778 2407 1825 2435 vi-

1130 2449 1206 2474 tam.
1253 2446 1292 2474 In
1321 2446 1517 2475 Ecclesiaste
1544 2453 1729 2477 consuescat
1754 2458 1826 2486 quae

1129 2487 1242 2515 mundi
1271 2494 1344 2517 sunt
1368 2488 1498 2517 calcare.
1546 2488 1584 2517 In
1608 2490 1669 2518 Job
1699 2490 1827 2518 virtutis

1130 2533 1160 2557 et
1197 2529 1358 2567 patientiae
1396 2530 1541 2569 exempla
1577 2536 1722 2560 sectetur.
1773 2531 1826 2561 Ad

1130 2570 1309 2608 Evangelia
1331 2576 1480 2607 transeat,
1496 2582 1661 2610 nunquam
1686 2583 1721 2601 ea
1738 2574 1824 2612 posi-

1130 2616 1201 2641 tura
1225 2613 1261 2641 (le
1284 2614 1440 2643 manibus.
1488 2614 1715 2652 Apostolorum
1734 2618 1825 2651 Acta,

1131 2658 1161 2683 et
1178 2654 1352 2693 Epistolas,
1363 2661 1428 2684 tota
1444 2656 1546 2684 cordis
1562 2656 1695 2686 imbibat
1710 2657 1824 2686 volun-

1130 2700 1201 2725 tate.
1250 2697 1396 2736 Cumque
1415 2696 1566 2736 [pectoris
1590 2698 1638 2727 sui
1661 2699 1825 2729 cellarium

1131 2738 1180 2767 his
1197 2739 1309 2778 opibus
1326 2739 1594 2779 locupletaverit,]
1613 2742 1742 2770 mandet
1758 2752 1825 2770 rne-

1131 2781 1240 2809 moriae
1270 2781 1456 2820 ProphetaS,
1482 2783 1750 2821 Heptateuchum,
1778 2784 1826 2822 (id

1132 2827 1190 2857 est,
1221 2823 1372 2862 Quinque
1399 2824 1495 2853 libros
1522 2825 1634 2860 Mosis,
1657 2825 1825 2861 Joshuam,

1132 2870 1161 2893 et
1173 2865 1332 2904 Judices‚)
1350 2871 1379 2895 et
1404 2866 1532 2905 Regum
1556 2872 1586 2896 et
1609 2868 1823 2906 Paralipome-

1130 2917 1192 2936 non
1216 2907 1325 2943 libros,
1350 2908 1463 2938 Esdrae
1494 2919 1619 2948 quoque
1648 2915 1678 2939 et
1707 2910 1826 2939 Esther

1130 2949 1303 2980 volumina.
1364 2950 1416 2980 Ad
1445 2951 1596 2981 ultimum
1629 2951 1713 2991 [sine
1743 2951 1824 2991 peri—
