1987 3244
403 240 488 282 286
548 240 588 281 Α
610 241 883 282 Sclzolastical
901 240 1075 294 History
1096 239 1145 293 os
1157 241 1223 281 the
1248 240 1385 281 Canon
1407 239 1456 293 of
1467 242 1534 281 the
1555 241 1799 294 Scriptures.

198 350 224 381 C
241 350 317 382 HA
331 351 366 385 P.
401 348 523 389 truth
545 348 629 389 and
650 348 877 402 principles
906 348 953 389 of
981 362 1058 389 our
1079 347 1217 399 belief,
1239 352 1283 389 to
1305 362 1329 388 a
1349 348 1583 402 righteous,
1613 348 1748 399 sober,
1771 347 1856 389 and

247 395 323 425 XX.
400 416 500 471 holy
521 417 762 470 regulation
783 417 830 458 of
854 430 932 458 our
951 417 1065 467 lives,
1094 416 1140 456 in
1160 416 1234 457 the
1263 416 1381 457 strict
1412 416 1496 457 and
1521 416 1707 457 uniform
1737 430 1854 470 prac-

399 483 482 525 tice
503 484 551 525 of
566 485 622 525 all
649 484 849 538 religious
874 484 1010 525 duties
1042 484 1127 525 and
1152 484 1419 538 obligations,
1440 484 1535 526 that
1560 484 1680 526 these
1701 485 1855 526 Divine

399 557 636 613 Scriptures
655 558 760 600 have
780 558 866 599 laid
886 572 1001 612 upon
1023 572 1084 599 us.

896 704 1353 746 COROLLARIUM.

456 816 631 859 Canonf
656 817 816 859 Eccles.
839 817 1140 871 Anglic.—Ne
1163 817 1264 871 quid
1291 831 1481 872 unquam
1505 816 1719 868 doceatur,
1741 817 1854 871 quod

397 885 591 939 religiose
621 886 758 927 teneri
783 891 825 927 et
853 886 968 927 credi
996 885 1160 935 debeat,
1182 886 1266 926 nisi
1294 886 1406 940 quod
1437 890 1772 926 consentaneum
1800 886 1853 927 sit

397 953 616 995 Doctrinae
637 954 806 994 Veteris
831 958 874 995 et
901 953 1014 995 Novi
1043 953 1319 1005 Testamenti,
1343 954 1539 1008 quodque
1575 968 1625 995 ex
1656 955 1729 995 illa
1763 954 1854 1009 ipsa

398 1021 607 1063 Doctrina
629 1022 838 1064 Catholici
858 1023 1007 1064 Patres
1029 1027 1072 1064 et
1092 1022 1270 1064 Veteres
1293 1021 1491 1077 Episcopi
1511 1023 1773 1077 collegerint.

871 1126 958 1152 DEO
981 1126 1148 1152 OPTIMO
1172 1127 1373 1164 MAXIMO,

814 1195 1058 1223 SACRARUM
1081 1195 1431 1223 SCRIPTURARUM

994 1262 1255 1301 CONDITORI,

1092 1316 1158 1357 Sit

965 1384 1092 1435 Laus,
1117 1384 1283 1435 Honor,

874 1452 931 1493 Et
955 1452 1114 1503 Gloria,
1136 1452 1183 1493 in
1207 1452 1370 1494 Saecula

993 1524 1265 1565 Saeculorum.

1042 1593 1197 1634 Amen.

441 1724 451 1744 f
472 1719 590 1750 Editus
607 1723 653 1750 est
667 1719 720 1750 hic
735 1719 856 1756 Canon,
868 1730 1018 1750 unacum
1032 1719 1094 1750 Ar·
1153 1724 1403 1751 consentaneum
1431 1722 1472 1752 sit
1499 1722 1650 1753 doctrinae
1672 1722 1797 1754 Veteris
1819 1728 1850 1754 et

395 1763 504 1793 tieulis
529 1763 720 1802 Religionis,
738 1762 833 1793 Anno
850 1763 983 1793 Domini
1003 1763 1094 1795 1571.
1155 1763 1241 1793 Novi
1257 1763 1464 1801 Testamenti,
1481 1765 1630 1805 quodque
1646 1776 1685 1796 ex
1702 1766 1758 1796 illa
1781 1767 1851 1806 ipsa

397 1805 488 1845 [Vid.
508 1806 580 1836 Lib.
597 1805 811 1837 Quorundam
829 1806 998 1836 Canonum
1016 1806 1093 1835 Dis·
1155 1806 1311 1836 Doctrina
1337 1807 1495 1837 Catholici
1522 1808 1632 1838 Patres
1663 1812 1694 1838 et
1727 1813 1849 1839 veteres

394 1848 524 1888 ciplinae
542 1848 700 1878 Ecclesiae
724 1848 930 1888 Anglicanae,
946 1849 993 1878 ed.
1011 1859 1094 1879 anno
1155 1848 1309 1890 Episcopi
1336 1849 1540 1890 collegerint3
1565 1851 1773 1882 &c.—These
1795 1862 1848 1881 ea-

397 1892 503 1928 1571„
519 1896 592 1922 sect.
606 1891 865 1928 Concionatores‚
879 1901 910 1931 p.
929 1892 1093 1921 19.-1m-
1153 1902 1234 1922 nons
1247 1903 1299 1923 are
1312 1892 1409 1923 found
1423 1894 1592 1933 published
1604 1894 1679 1923 with
1692 1894 1745 1924 the
1754 1896 1849 1924 Latin

394 1934 508 1974 primis
525 1944 597 1964 vero
613 1934 780 1971 videbunt,
794 1945 835 1964 ne
850 1934 927 1973 quid
950 1944 1094 1973 unquam
1154 1934 1294 1965 Articles
1319 1937 1354 1966 of
1377 1937 1480 1974 1562„
1502 1937 1550 1968 ed.
1573 1936 1674 1968 Lond.
1700 1947 1749 1978 ap.
1774 1937 1850 1968 Joh.

394 1977 530 2007 doceant
544 1987 601 2016 pro
618 1977 779 2014 concione,
791 1977 876 2017 quod
890 1987 907 2007 a
917 1977 1036 2017 populo
1046 1988 1094 2008 re·
1154 1977 1297 2018 Dayum,
1317 1977 1427 2020 1571.]

394 2018 508 2059 ligiose
525 2020 626 2051 teneri
647 2025 679 2051 et
693 2020 781 2051 credi
796 2020 906 2058 velint,
921 2020 984 2051 nisi
1010 2021 1094 2061 quod
