<?xml version="1.0" encoding="UTF-8"?>
<!DOCTYPE html PUBLIC "-//W3C//DTD XHTML 1.0 Transitional//EN"
    "http://www.w3.org/TR/xhtml1/DTD/xhtml1-transitional.dtd">
<html xmlns="http://www.w3.org/1999/xhtml" xml:lang="en" lang="en">
 <head>
  <title>
</title>
<meta http-equiv="Content-Type" content="text/html;charset=utf-8" />
  <meta name='ocr-system' content='tesseract 3.04.00' />
  <meta name='ocr-capabilities' content='ocr_page ocr_carea ocr_par ocr_line ocrx_word'/>
</head>
<body>
  <div class='ocr_page' id='page_1' title='image "./considerationesm01forbuoft_0032.png"; bbox 0 0 1987 3244; ppageno 0'>
   <div class='ocr_carea' id='block_1_1' title="bbox 349 240 440 281">
    <p class='ocr_par' dir='ltr' id='par_1_1' title="bbox 349 240 440 281">
     <span class='ocr_line' id='line_1_1' title="bbox 349 240 440 281; baseline 0 0"><span class='ocrx_word' id='word_1_1' title='bbox 349 240 440 281; x_wconf 78' lang='lat' dir='ltr'>xxvi</span> 
     </span>
    </p>
   </div>
   <div class='ocr_carea' id='block_1_2' title="bbox 897 252 1248 280">
    <p class='ocr_par' dir='ltr' id='par_1_2' title="bbox 897 252 1248 280">
     <span class='ocr_line' id='line_1_2' title="bbox 897 252 1248 280; baseline 0 0"><span class='ocrx_word' id='word_1_2' title='bbox 897 253 946 280; x_wconf 90' lang='lat' dir='ltr'>TO</span> <span class='ocrx_word' id='word_1_3' title='bbox 968 252 1048 280; x_wconf 84' lang='lat' dir='ltr'>THE</span> <span class='ocrx_word' id='word_1_4' title='bbox 1070 252 1248 280; x_wconf 79' lang='lat' dir='ltr'>READER.</span> 
     </span>
    </p>
   </div>
   <div class='ocr_carea' id='block_1_3' title="bbox 344 344 1802 400">
    <p class='ocr_par' dir='ltr' id='par_1_3' title="bbox 344 344 1802 400">
     <span class='ocr_line' id='line_1_3' title="bbox 344 344 1802 400; baseline -0.001 -12"><span class='ocrx_word' id='word_1_5' title='bbox 344 348 437 389; x_wconf 88' lang='lat' dir='ltr'>tion</span> <span class='ocrx_word' id='word_1_6' title='bbox 458 346 529 388; x_wconf 90' lang='lat' dir='ltr'>the</span> <span class='ocrx_word' id='word_1_7' title='bbox 549 347 762 388; x_wconf 84' lang='lat' dir='ltr'>infamous</span> <span class='ocrx_word' id='word_1_8' title='bbox 783 361 934 400; x_wconf 82' lang='lat' dir='ltr'>power,</span> <span class='ocrx_word' id='word_1_9' title='bbox 961 347 1070 400; x_wconf 84' lang='lat' dir='ltr'>(that</span> <span class='ocrx_word' id='word_1_10' title='bbox 1097 346 1367 387; x_wconf 87' lang='lat' dir='ltr'>otherwhiles</span> <span class='ocrx_word' id='word_1_11' title='bbox 1396 345 1449 386; x_wconf 90' lang='lat' dir='ltr'>he</span> <span class='ocrx_word' id='word_1_12' title='bbox 1477 346 1582 386; x_wconf 88' lang='lat' dir='ltr'>hath</span> <span class='ocrx_word' id='word_1_13' title='bbox 1604 344 1802 386; x_wconf 83' lang='lat' dir='ltr'><strong>assumed</strong></span> 
     </span>
    </p>
   </div>
   <div class='ocr_carea' id='block_1_4' title="bbox 344 409 1800 474">
    <p class='ocr_par' dir='ltr' id='par_1_4' title="bbox 344 409 1800 474">
     <span class='ocr_line' id='line_1_4' title="bbox 344 409 1800 474; baseline -0.002 -12"><span class='ocrx_word' id='word_1_14' title='bbox 344 426 389 462; x_wconf 88' lang='lat' dir='ltr'>to</span> <span class='ocrx_word' id='word_1_15' title='bbox 422 421 620 474; x_wconf 88' lang='lat' dir='ltr'>himself,)</span> <span class='ocrx_word' id='word_1_16' title='bbox 657 421 704 462; x_wconf 88' lang='lat' dir='ltr'>of</span> <span class='ocrx_word' id='word_1_17' title='bbox 735 420 939 474; x_wconf 87' lang='lat' dir='ltr'>deposing</span> <span class='ocrx_word' id='word_1_18' title='bbox 973 435 996 460; x_wconf 81' lang='lat' dir='ltr'>a</span> <span class='ocrx_word' id='word_1_19' title='bbox 1023 420 1113 473; x_wconf 86' lang='lat' dir='ltr'>just</span> <span class='ocrx_word' id='word_1_20' title='bbox 1150 420 1234 460; x_wconf 84' lang='lat' dir='ltr'>and</span> <span class='ocrx_word' id='word_1_21' title='bbox 1263 409 1406 460; x_wconf 81' lang='lat' dir='ltr'>lawful</span> <span class='ocrx_word' id='word_1_22' title='bbox 1440 419 1561 472; x_wconf 84' lang='lat' dir='ltr'>Kiug</span> <span class='ocrx_word' id='word_1_23' title='bbox 1593 419 1703 459; x_wconf 85' lang='lat' dir='ltr'>from</span> <span class='ocrx_word' id='word_1_24' title='bbox 1736 419 1800 459; x_wconf 89' lang='lat' dir='ltr'>his</span> 
     </span>
    </p>
   </div>
   <div class='ocr_carea' id='block_1_5' title="bbox 343 493 1802 548">
    <p class='ocr_par' dir='ltr' id='par_1_5' title="bbox 343 493 1802 548">
     <span class='ocr_line' id='line_1_5' title="bbox 343 493 1802 548; baseline -0.001 -13"><span class='ocrx_word' id='word_1_25' title='bbox 343 495 523 548; x_wconf 88' lang='lat' dir='ltr'>rightful</span> <span class='ocrx_word' id='word_1_26' title='bbox 555 495 832 544; x_wconf 82' lang='lat' dir='ltr'>inheritance,</span> <span class='ocrx_word' id='word_1_27' title='bbox 867 508 914 535; x_wconf 88' lang='lat' dir='ltr'>or</span> <span class='ocrx_word' id='word_1_28' title='bbox 952 494 998 534; x_wconf 87' lang='lat' dir='ltr'>of</span> <span class='ocrx_word' id='word_1_29' title='bbox 1033 494 1196 546; x_wconf 85' lang='lat' dir='ltr'>freeing</span> <span class='ocrx_word' id='word_1_30' title='bbox 1232 494 1296 533; x_wconf 88' lang='lat' dir='ltr'>his</span> <span class='ocrx_word' id='word_1_31' title='bbox 1330 493 1499 534; x_wconf 83' lang='lat' dir='ltr'>natural</span> <span class='ocrx_word' id='word_1_32' title='bbox 1537 493 1621 533; x_wconf 83' lang='lat' dir='ltr'>and</span> <span class='ocrx_word' id='word_1_33' title='bbox 1664 507 1802 533; x_wconf 89' lang='lat' dir='ltr'>sworn</span> 
     </span>
    </p>
   </div>
   <div class='ocr_carea' id='block_1_6' title="bbox 341 566 1803 914">
    <p class='ocr_par' dir='ltr' id='par_1_6' title="bbox 341 566 1803 914">
     <span class='ocr_line' id='line_1_6' title="bbox 345 566 1801 623; baseline -0.002 -14"><span class='ocrx_word' id='word_1_34' title='bbox 345 568 529 623; x_wconf 88' lang='lat' dir='ltr'>subjects</span> <span class='ocrx_word' id='word_1_35' title='bbox 565 568 673 608; x_wconf 89' lang='lat' dir='ltr'>from</span> <span class='ocrx_word' id='word_1_36' title='bbox 706 567 817 608; x_wconf 90' lang='lat' dir='ltr'>their</span> <span class='ocrx_word' id='word_1_37' title='bbox 851 567 965 607; x_wconf 92' lang='lat' dir='ltr'>bond</span> <span class='ocrx_word' id='word_1_38' title='bbox 1006 567 1053 607; x_wconf 84' lang='lat' dir='ltr'>of</span> <span class='ocrx_word' id='word_1_39' title='bbox 1087 567 1195 607; x_wconf 81' lang='lat' dir='ltr'>saith</span> <span class='ocrx_word' id='word_1_40' title='bbox 1227 567 1311 607; x_wconf 87' lang='lat' dir='ltr'>and</span> <span class='ocrx_word' id='word_1_41' title='bbox 1354 566 1586 619; x_wconf 80' lang='lat' dir='ltr'>allegiance</span> <span class='ocrx_word' id='word_1_42' title='bbox 1619 566 1801 607; x_wconf 78' lang='lat' dir='ltr'>towards</span> 
     </span>
     <span class='ocr_line' id='line_1_7' title="bbox 343 638 1803 695; baseline -0.002 -13"><span class='ocrx_word' id='word_1_43' title='bbox 343 642 447 692; x_wconf 88' lang='lat' dir='ltr'>him,</span> <span class='ocrx_word' id='word_1_44' title='bbox 477 641 629 695; x_wconf 86' lang='lat' dir='ltr'>(which</span> <span class='ocrx_word' id='word_1_45' title='bbox 661 655 731 682; x_wconf 85' lang='lat' dir='ltr'>are</span> <span class='ocrx_word' id='word_1_46' title='bbox 765 641 839 681; x_wconf 86' lang='lat' dir='ltr'>the</span> <span class='ocrx_word' id='word_1_47' title='bbox 872 641 1065 681; x_wconf 88' lang='lat' dir='ltr'>Dictates</span> <span class='ocrx_word' id='word_1_48' title='bbox 1101 640 1149 680; x_wconf 88' lang='lat' dir='ltr'>of</span> <span class='ocrx_word' id='word_1_49' title='bbox 1176 640 1290 693; x_wconf 91' lang='lat' dir='ltr'>Pope</span> <span class='ocrx_word' id='word_1_50' title='bbox 1322 638 1633 692; x_wconf 78' lang='lat' dir='ltr'>Hildebrandz)</span> <span class='ocrx_word' id='word_1_51' title='bbox 1668 639 1747 680; x_wconf 92' lang='lat' dir='ltr'>but</span> <span class='ocrx_word' id='word_1_52' title='bbox 1780 639 1803 679; x_wconf 92' lang='lat' dir='ltr'>I</span> 
     </span>
     <span class='ocr_line' id='line_1_8' title="bbox 344 713 1803 769; baseline -0.001 -14"><span class='ocrx_word' id='word_1_53' title='bbox 344 720 446 755; x_wconf 90' lang='lat' dir='ltr'>note</span> <span class='ocrx_word' id='word_1_54' title='bbox 477 715 590 769; x_wconf 87' lang='lat' dir='ltr'><strong>only,</strong></span> <span class='ocrx_word' id='word_1_55' title='bbox 613 719 657 755; x_wconf 85' lang='lat' dir='ltr'>at</span> <span class='ocrx_word' id='word_1_56' title='bbox 687 719 870 768; x_wconf 76' lang='lat' dir='ltr'>present,</span> <span class='ocrx_word' id='word_1_57' title='bbox 903 714 976 754; x_wconf 89' lang='lat' dir='ltr'>the</span> <span class='ocrx_word' id='word_1_58' title='bbox 1008 713 1225 766; x_wconf 80' lang='lat' dir='ltr'><strong>authority</strong></span> <span class='ocrx_word' id='word_1_59' title='bbox 1245 713 1340 753; x_wconf 82' lang='lat' dir='ltr'>that</span> <span class='ocrx_word' id='word_1_60' title='bbox 1371 713 1424 753; x_wconf 89' lang='lat' dir='ltr'>he</span> <span class='ocrx_word' id='word_1_61' title='bbox 1456 714 1674 753; x_wconf 87' lang='lat' dir='ltr'>assumeth</span> <span class='ocrx_word' id='word_1_62' title='bbox 1705 726 1803 753; x_wconf 88' lang='lat' dir='ltr'>over</span> 
     </span>
     <span class='ocr_line' id='line_1_9' title="bbox 342 787 1798 842; baseline -0.002 -13"><span class='ocrx_word' id='word_1_63' title='bbox 342 789 417 830; x_wconf 90' lang='lat' dir='ltr'>the</span> <span class='ocrx_word' id='word_1_64' title='bbox 442 789 678 842; x_wconf 87' lang='lat' dir='ltr'>Scriptures</span> <span class='ocrx_word' id='word_1_65' title='bbox 700 789 747 829; x_wconf 87' lang='lat' dir='ltr'>of</span> <span class='ocrx_word' id='word_1_66' title='bbox 766 788 876 838; x_wconf 91' lang='lat' dir='ltr'>God,</span> <span class='ocrx_word' id='word_1_67' title='bbox 903 788 991 841; x_wconf 88' lang='lat' dir='ltr'>(the</span> <span class='ocrx_word' id='word_1_68' title='bbox 1014 787 1178 841; x_wconf 87' lang='lat' dir='ltr'>subject</span> <span class='ocrx_word' id='word_1_69' title='bbox 1200 787 1247 827; x_wconf 84' lang='lat' dir='ltr'>of</span> <span class='ocrx_word' id='word_1_70' title='bbox 1267 787 1323 827; x_wconf 82' lang='lat' dir='ltr'>all</span> <span class='ocrx_word' id='word_1_71' title='bbox 1345 801 1422 827; x_wconf 88' lang='lat' dir='ltr'>our</span> <span class='ocrx_word' id='word_1_72' title='bbox 1443 787 1634 841; x_wconf 86' lang='lat' dir='ltr'>history,)</span> <span class='ocrx_word' id='word_1_73' title='bbox 1661 787 1798 827; x_wconf 83' lang='lat' dir='ltr'><strong>which</strong></span> 
     </span>
     <span class='ocr_line' id='line_1_10' title="bbox 341 860 1796 914; baseline -0.002 -11"><span class='ocrx_word' id='word_1_74' title='bbox 341 862 421 903; x_wconf 80' lang='lat' dir='ltr'>he¹¹</span> <span class='ocrx_word' id='word_1_75' title='bbox 449 863 535 903; x_wconf 83' lang='lat' dir='ltr'>and</span> <span class='ocrx_word' id='word_1_76' title='bbox 563 862 626 902; x_wconf 92' lang='lat' dir='ltr'>his</span> <span class='ocrx_word' id='word_1_77' title='bbox 658 862 882 903; x_wconf 71' lang='lat' dir='ltr'>followersi</span> <span class='ocrx_word' id='word_1_78' title='bbox 910 861 1034 902; x_wconf 83' lang='lat' dir='ltr'>make</span> <span class='ocrx_word' id='word_1_79' title='bbox 1065 867 1110 902; x_wconf 88' lang='lat' dir='ltr'>to</span> <span class='ocrx_word' id='word_1_80' title='bbox 1143 861 1196 901; x_wconf 89' lang='lat' dir='ltr'>be</span> <span class='ocrx_word' id='word_1_81' title='bbox 1225 865 1393 914; x_wconf 79' lang='lat' dir='ltr'>greater</span> <span class='ocrx_word' id='word_1_82' title='bbox 1425 861 1531 901; x_wconf 86' lang='lat' dir='ltr'>than</span> <span class='ocrx_word' id='word_1_83' title='bbox 1565 875 1647 914; x_wconf 85' lang='lat' dir='ltr'>any</span> <span class='ocrx_word' id='word_1_84' title='bbox 1675 860 1796 901; x_wconf 90' lang='lat' dir='ltr'>those</span> 
     </span>
    </p>
   </div>
   <div class='ocr_carea' id='block_1_7' title="bbox 340 1001 1043 3047">
    <p class='ocr_par' dir='ltr' id='par_1_7' title="bbox 340 1001 1043 3047">
     <span class='ocr_line' id='line_1_11' title="bbox 343 1001 1039 1038; baseline -0.003 -6"><span class='ocrx_word' id='word_1_85' title='bbox 343 1002 508 1032; x_wconf 89' lang='lat' dir='ltr'>Dominici</span> <span class='ocrx_word' id='word_1_86' title='bbox 521 1002 695 1037; x_wconf 81' lang='lat' dir='ltr'>directoris‚</span> <span class='ocrx_word' id='word_1_87' title='bbox 709 1002 904 1032; x_wconf 84' lang='lat' dir='ltr'>&amp;c.-—Conf.</span> <span class='ocrx_word' id='word_1_88' title='bbox 920 1001 1039 1038; x_wconf 84' lang='lat' dir='ltr'>Labbe,</span> 
     </span>
     <span class='ocr_line' id='line_1_12' title="bbox 342 1044 1036 1085; baseline -0.001 -11"><span class='ocrx_word' id='word_1_89' title='bbox 342 1050 418 1075; x_wconf 88' lang='lat' dir='ltr'>tom.</span> <span class='ocrx_word' id='word_1_90' title='bbox 432 1046 474 1077; x_wconf 88' lang='lat' dir='ltr'>xi.</span> <span class='ocrx_word' id='word_1_91' title='bbox 488 1056 554 1085; x_wconf 86' lang='lat' dir='ltr'>par.</span> <span class='ocrx_word' id='word_1_92' title='bbox 566 1046 585 1075; x_wconf 93' lang='lat' dir='ltr'>i.</span> <span class='ocrx_word' id='word_1_93' title='bbox 600 1045 658 1075; x_wconf 89' lang='lat' dir='ltr'>col.</span> <span class='ocrx_word' id='word_1_94' title='bbox 673 1044 937 1085; x_wconf 78' lang='lat' dir='ltr'>978.]—Coneil.</span> <span class='ocrx_word' id='word_1_95' title='bbox 953 1044 1036 1074; x_wconf 87' lang='lat' dir='ltr'>Flor.</span> 
     </span>
     <span class='ocr_line' id='line_1_13' title="bbox 343 1088 1038 1127; baseline -0.001 -10"><span class='ocrx_word' id='word_1_96' title='bbox 343 1089 402 1117; x_wconf 90' lang='lat' dir='ltr'>sub</span> <span class='ocrx_word' id='word_1_97' title='bbox 424 1089 508 1127; x_wconf 85' lang='lat' dir='ltr'>Eug.</span> <span class='ocrx_word' id='word_1_98' title='bbox 536 1088 826 1117; x_wconf 88' lang='lat' dir='ltr'>IV.——Definimus</span> <span class='ocrx_word' id='word_1_99' title='bbox 851 1088 1038 1117; x_wconf 82' lang='lat' dir='ltr'>Romanum</span> 
     </span>
     <span class='ocr_line' id='line_1_14' title="bbox 343 1131 1038 1161; baseline -0.001 -1"><span class='ocrx_word' id='word_1_100' title='bbox 343 1131 532 1161; x_wconf 88' lang='lat' dir='ltr'>Pontificem</span> <span class='ocrx_word' id='word_1_101' title='bbox 549 1131 581 1160; x_wconf 89' lang='lat' dir='ltr'>in</span> <span class='ocrx_word' id='word_1_102' title='bbox 598 1131 785 1160; x_wconf 88' lang='lat' dir='ltr'>universum</span> <span class='ocrx_word' id='word_1_103' title='bbox 807 1131 915 1159; x_wconf 90' lang='lat' dir='ltr'>orbem</span> <span class='ocrx_word' id='word_1_104' title='bbox 933 1134 1038 1160; x_wconf 88' lang='lat' dir='ltr'>tenere</span> 
     </span>
     <span class='ocr_line' id='line_1_15' title="bbox 340 1173 1036 1213; baseline -0.001 -10"><span class='ocrx_word' id='word_1_105' title='bbox 340 1174 567 1213; x_wconf 80' lang='lat' dir='ltr'>principatum,</span> <span class='ocrx_word' id='word_1_106' title='bbox 599 1178 629 1203; x_wconf 91' lang='lat' dir='ltr'>et</span> <span class='ocrx_word' id='word_1_107' title='bbox 659 1183 875 1203; x_wconf 79' lang='lat' dir='ltr'>successorem</span> <span class='ocrx_word' id='word_1_108' title='bbox 905 1183 972 1202; x_wconf 89' lang='lat' dir='ltr'>esse</span> <span class='ocrx_word' id='word_1_109' title='bbox 998 1173 1036 1203; x_wconf 89' lang='grc' dir='ltr'>Β.</span> 
     </span>
     <span class='ocr_line' id='line_1_16' title="bbox 340 1215 1037 1256; baseline -0.001 -10"><span class='ocrx_word' id='word_1_110' title='bbox 340 1217 428 1246; x_wconf 87' lang='lat' dir='ltr'>Petri</span> <span class='ocrx_word' id='word_1_111' title='bbox 443 1216 671 1256; x_wconf 83' lang='lat' dir='ltr'>Apostolorum</span> <span class='ocrx_word' id='word_1_112' title='bbox 693 1215 858 1255; x_wconf 87' lang='lat' dir='ltr'>principis,</span> <span class='ocrx_word' id='word_1_113' title='bbox 876 1220 906 1245; x_wconf 89' lang='lat' dir='ltr'>et</span> <span class='ocrx_word' id='word_1_114' title='bbox 927 1226 1037 1245; x_wconf 89' lang='lat' dir='ltr'>verum</span> 
     </span>
     <span class='ocr_line' id='line_1_17' title="bbox 342 1258 1036 1297; baseline -0.003 -8"><span class='ocrx_word' id='word_1_115' title='bbox 342 1259 463 1290; x_wconf 86' lang='lat' dir='ltr'>Christi</span> <span class='ocrx_word' id='word_1_116' title='bbox 493 1259 658 1295; x_wconf 84' lang='lat' dir='ltr'>vicarium,</span> <span class='ocrx_word' id='word_1_117' title='bbox 689 1259 851 1297; x_wconf 87' lang='lat' dir='ltr'>totiusque</span> <span class='ocrx_word' id='word_1_118' title='bbox 880 1258 1036 1288; x_wconf 78' lang='lat' dir='ltr'>Ecclesiae</span> 
     </span>
     <span class='ocr_line' id='line_1_18' title="bbox 341 1301 1037 1341; baseline -0.003 -9"><span class='ocrx_word' id='word_1_119' title='bbox 341 1308 447 1341; x_wconf 87' lang='lat' dir='ltr'>caput,</span> <span class='ocrx_word' id='word_1_120' title='bbox 465 1307 494 1331; x_wconf 89' lang='lat' dir='ltr'>et</span> <span class='ocrx_word' id='word_1_121' title='bbox 519 1302 664 1331; x_wconf 88' lang='lat' dir='ltr'>omnium</span> <span class='ocrx_word' id='word_1_122' title='bbox 688 1301 958 1337; x_wconf 86' lang='lat' dir='ltr'>Christianorum,</span> <span class='ocrx_word' id='word_1_123' title='bbox 977 1302 1037 1331; x_wconf 61' lang='lat' dir='ltr'>Sec.</span> 
     </span>
     <span class='ocr_line' id='line_1_19' title="bbox 343 1344 1036 1384; baseline -0.001 -10"><span class='ocrx_word' id='word_1_124' title='bbox 343 1344 433 1384; x_wconf 83' lang='lat' dir='ltr'>[vid.</span> <span class='ocrx_word' id='word_1_125' title='bbox 462 1345 558 1375; x_wconf 84' lang='lat' dir='ltr'>Cone.</span> <span class='ocrx_word' id='word_1_126' title='bbox 586 1345 670 1374; x_wconf 87' lang='lat' dir='ltr'>Flor.</span> <span class='ocrx_word' id='word_1_127' title='bbox 690 1355 762 1374; x_wconf 89' lang='lat' dir='ltr'>ann.</span> <span class='ocrx_word' id='word_1_128' title='bbox 788 1345 876 1374; x_wconf 70' lang='lat'>1439.</span> <span class='ocrx_word' id='word_1_129' title='bbox 906 1344 1036 1374; x_wconf 73' lang='lat' dir='ltr'>Desinit.</span> 
     </span>
     <span class='ocr_line' id='line_1_20' title="bbox 342 1387 1039 1423; baseline -0.003 -6"><span class='ocrx_word' id='word_1_130' title='bbox 342 1388 611 1423; x_wconf 84' lang='lat' dir='ltr'>Fidei.——Labbe‚</span> <span class='ocrx_word' id='word_1_131' title='bbox 639 1392 713 1417; x_wconf 91' lang='lat' dir='ltr'>tom.</span> <span class='ocrx_word' id='word_1_132' title='bbox 743 1387 808 1417; x_wconf 82' lang='lat' dir='ltr'>xiii.</span> <span class='ocrx_word' id='word_1_133' title='bbox 835 1387 892 1416; x_wconf 87' lang='lat' dir='ltr'>col.</span> <span class='ocrx_word' id='word_1_134' title='bbox 921 1388 1039 1416; x_wconf 85' lang='lat'>516.—</span> 
     </span>
     <span class='ocr_line' id='line_1_21' title="bbox 343 1427 1037 1469; baseline -0.001 -9"><span class='ocrx_word' id='word_1_135' title='bbox 343 1429 390 1460; x_wconf 79' lang='grc' dir='ltr'>ἔτι</span> <span class='ocrx_word' id='word_1_136' title='bbox 420 1429 561 1469; x_wconf 77' lang='grc' dir='ltr'>ὁρίζομεν</span> <span class='ocrx_word' id='word_1_137' title='bbox 590 1429 649 1465; x_wconf 79' lang='grc' dir='ltr'>τὴν</span> <span class='ocrx_word' id='word_1_138' title='bbox 688 1427 782 1467; x_wconf 77' lang='grc' dir='ltr'>ἁγίαν</span> <span class='ocrx_word' id='word_1_139' title='bbox 820 1429 1037 1465; x_wconf 77' lang='grc' dir='ltr'>ἀποστολικὴν</span> 
     </span>
     <span class='ocr_line' id='line_1_22' title="bbox 342 1470 1039 1512; baseline -0.001 -10"><span class='ocrx_word' id='word_1_140' title='bbox 342 1472 502 1512; x_wconf 85' lang='grc' dir='ltr'><em>καθέδραν,</em></span> <span class='ocrx_word' id='word_1_141' title='bbox 525 1472 574 1502; x_wconf 78' lang='grc' dir='ltr'>καὶ</span> <span class='ocrx_word' id='word_1_142' title='bbox 598 1471 655 1501; x_wconf 82' lang='grc' dir='ltr'>τὸν</span> <span class='ocrx_word' id='word_1_143' title='bbox 680 1471 848 1508; x_wconf 79' lang='grc' dir='ltr'>Ῥωμαϊκὸν</span> <span class='ocrx_word' id='word_1_144' title='bbox 874 1470 1039 1512; x_wconf 78' lang='grc' dir='ltr'>Ἀρχιερέα</span> 
     </span>
     <span class='ocr_line' id='line_1_23' title="bbox 342 1513 1038 1554; baseline -0.001 -9"><span class='ocrx_word' id='word_1_145' title='bbox 342 1514 489 1553; x_wconf 78' lang='grc' dir='ltr'>διάδοχον</span> <span class='ocrx_word' id='word_1_146' title='bbox 505 1514 581 1545; x_wconf 83' lang='grc' dir='ltr'>εἶναι</span> <span class='ocrx_word' id='word_1_147' title='bbox 601 1515 658 1544; x_wconf 79' lang='grc' dir='ltr'>τοῦ</span> <span class='ocrx_word' id='word_1_148' title='bbox 680 1513 830 1553; x_wconf 77' lang='grc' dir='ltr'>μακαρίου</span> <span class='ocrx_word' id='word_1_149' title='bbox 846 1513 966 1554; x_wconf 85' lang='grc' dir='ltr'>Πέτρου</span> <span class='ocrx_word' id='word_1_150' title='bbox 981 1516 1038 1544; x_wconf 81' lang='grc' dir='ltr'>τοῦ</span> 
     </span>
     <span class='ocr_line' id='line_1_24' title="bbox 342 1556 1037 1597; baseline -0.003 -9"><span class='ocrx_word' id='word_1_151' title='bbox 342 1557 511 1597; x_wconf 83' lang='grc' dir='ltr'>κορυφαίου</span> <span class='ocrx_word' id='word_1_152' title='bbox 533 1559 596 1587; x_wconf 81' lang='grc' dir='ltr'>τῶν</span> <span class='ocrx_word' id='word_1_153' title='bbox 619 1558 833 1592; x_wconf 79' lang='grc' dir='ltr'>Ἀποστόλων,</span> <span class='ocrx_word' id='word_1_154' title='bbox 860 1557 910 1586; x_wconf 81' lang='grc' dir='ltr'>καὶ</span> <span class='ocrx_word' id='word_1_155' title='bbox 934 1556 1037 1593; x_wconf 85' lang='grc' dir='ltr'>ἀληθῆ</span> 
     </span>
     <span class='ocr_line' id='line_1_25' title="bbox 341 1598 1038 1639; baseline 0 -9"><span class='ocrx_word' id='word_1_156' title='bbox 341 1600 562 1639; x_wconf 78' lang='grc' dir='ltr'>τοποτηρητὴν</span> <span class='ocrx_word' id='word_1_157' title='bbox 591 1601 648 1630; x_wconf 79' lang='grc' dir='ltr'>τοῦ</span> <span class='ocrx_word' id='word_1_158' title='bbox 679 1600 826 1637; x_wconf 77' lang='grc' dir='ltr'>Χριστοῦ,</span> <span class='ocrx_word' id='word_1_159' title='bbox 854 1599 905 1629; x_wconf 73' lang='grc' dir='ltr'>καὶ</span> <span class='ocrx_word' id='word_1_160' title='bbox 935 1598 1038 1636; x_wconf 79' lang='grc' dir='ltr'>πάσης</span> 
     </span>
     <span class='ocr_line' id='line_1_26' title="bbox 342 1640 1038 1681; baseline -0.003 -8"><span class='ocrx_word' id='word_1_161' title='bbox 342 1644 400 1679; x_wconf 80' lang='grc' dir='ltr'>τῆς</span> <span class='ocrx_word' id='word_1_162' title='bbox 425 1641 618 1679; x_wconf 66' lang='grc' dir='ltr'>Ἐκκληαίας</span> <span class='ocrx_word' id='word_1_163' title='bbox 648 1642 802 1681; x_wconf 81' lang='grc' dir='ltr'>κεφαλὴν,</span> <span class='ocrx_word' id='word_1_164' title='bbox 830 1642 879 1671; x_wconf 82' lang='grc' dir='ltr'>καὶ</span> <span class='ocrx_word' id='word_1_165' title='bbox 911 1640 1038 1672; x_wconf 78' lang='grc' dir='ltr'>πάντων</span> 
     </span>
     <span class='ocr_line' id='line_1_27' title="bbox 341 1682 1035 1725; baseline -0.001 -10"><span class='ocrx_word' id='word_1_166' title='bbox 341 1688 404 1716; x_wconf 84' lang='grc' dir='ltr'>τῶν</span> <span class='ocrx_word' id='word_1_167' title='bbox 428 1687 621 1725; x_wconf 82' lang='grc' dir='ltr'>Χριστιανῶν</span> <span class='ocrx_word' id='word_1_168' title='bbox 647 1684 767 1724; x_wconf 83' lang='grc' dir='ltr'>πατέρα</span> <span class='ocrx_word' id='word_1_169' title='bbox 791 1696 826 1714; x_wconf 87' lang='grc' dir='ltr'>τε</span> <span class='ocrx_word' id='word_1_170' title='bbox 853 1684 903 1714; x_wconf 81' lang='grc' dir='ltr'>καὶ</span> <span class='ocrx_word' id='word_1_171' title='bbox 931 1682 1035 1714; x_wconf 78' lang='grc' dir='ltr'>διδάσ-</span> 
     </span>
     <span class='ocr_line' id='line_1_28' title="bbox 342 1727 1038 1767; baseline -0.003 -9"><span class='ocrx_word' id='word_1_172' title='bbox 342 1734 442 1758; x_wconf 84' lang='grc' dir='ltr'>καλον</span> <span class='ocrx_word' id='word_1_173' title='bbox 467 1727 818 1767; x_wconf 76' lang='grc' dir='ltr'>ὕπάρχειν.]-Οοιιοί1.</span> <span class='ocrx_word' id='word_1_174' title='bbox 845 1727 951 1756; x_wconf 84' lang='lat' dir='ltr'>Later.</span> <span class='ocrx_word' id='word_1_175' title='bbox 979 1728 1038 1756; x_wconf 90' lang='lat' dir='ltr'>sub</span> 
     </span>
     <span class='ocr_line' id='line_1_29' title="bbox 343 1770 1035 1810; baseline -0.001 -10"><span class='ocrx_word' id='word_1_176' title='bbox 343 1771 450 1800; x_wconf 84' lang='lat' dir='ltr'>Leone</span> <span class='ocrx_word' id='word_1_177' title='bbox 462 1771 501 1801; x_wconf 87' lang='lat' dir='ltr'>X.</span> <span class='ocrx_word' id='word_1_178' title='bbox 512 1770 811 1810; x_wconf 84' lang='lat' dir='ltr'>sess.viii.[sess.vii.</span> <span class='ocrx_word' id='word_1_179' title='bbox 822 1780 918 1809; x_wconf 85' lang='lat' dir='ltr'>prope</span> <span class='ocrx_word' id='word_1_180' title='bbox 930 1770 1035 1805; x_wconf 88' lang='lat' dir='ltr'>finem,</span> 
     </span>
     <span class='ocr_line' id='line_1_30' title="bbox 344 1813 1034 1849; baseline 0 -6"><span class='ocrx_word' id='word_1_181' title='bbox 344 1813 519 1843; x_wconf 80' lang='lat' dir='ltr'>Baltasaris</span> <span class='ocrx_word' id='word_1_182' title='bbox 539 1815 628 1844; x_wconf 86' lang='lat' dir='ltr'>Orat.</span> <span class='ocrx_word' id='word_1_183' title='bbox 653 1814 771 1849; x_wconf 88' lang='lat' dir='ltr'>Labbe,</span> <span class='ocrx_word' id='word_1_184' title='bbox 796 1818 871 1842; x_wconf 89' lang='lat' dir='ltr'>tom.</span> <span class='ocrx_word' id='word_1_185' title='bbox 895 1813 958 1842; x_wconf 85' lang='lat' dir='ltr'>xiv.</span> <span class='ocrx_word' id='word_1_186' title='bbox 976 1814 1034 1843; x_wconf 86' lang='lat' dir='ltr'>col.</span> 
     </span>
     <span class='ocr_line' id='line_1_31' title="bbox 345 1855 1034 1896; baseline -0.003 -10"><span class='ocrx_word' id='word_1_187' title='bbox 345 1856 434 1896; x_wconf 67' lang='lat'>172]</span> <span class='ocrx_word' id='word_1_188' title='bbox 453 1856 572 1896; x_wconf 84' lang='lat' dir='ltr'>(Papa)</span> <span class='ocrx_word' id='word_1_189' title='bbox 590 1866 645 1885; x_wconf 85' lang='lat' dir='ltr'>rex</span> <span class='ocrx_word' id='word_1_190' title='bbox 667 1866 790 1893; x_wconf 80' lang='lat' dir='ltr'>regum,</span> <span class='ocrx_word' id='word_1_191' title='bbox 813 1861 842 1885; x_wconf 87' lang='lat' dir='ltr'>et</span> <span class='ocrx_word' id='word_1_192' title='bbox 866 1855 949 1884; x_wconf 91' lang='lat' dir='ltr'>orbis</span> <span class='ocrx_word' id='word_1_193' title='bbox 971 1861 1034 1885; x_wconf 86' lang='lat' dir='ltr'>ter-</span> 
     </span>
     <span class='ocr_line' id='line_1_32' title="bbox 342 1898 1032 1937; baseline 0 -9"><span class='ocrx_word' id='word_1_194' title='bbox 342 1909 451 1929; x_wconf 85' lang='lat' dir='ltr'>rarum</span> <span class='ocrx_word' id='word_1_195' title='bbox 468 1899 649 1928; x_wconf 87' lang='lat' dir='ltr'>monarcha.</span> <span class='ocrx_word' id='word_1_196' title='bbox 676 1898 761 1937; x_wconf 87' lang='lat' dir='ltr'>[The</span> <span class='ocrx_word' id='word_1_197' title='bbox 787 1898 886 1928; x_wconf 88' lang='lat' dir='ltr'>words</span> <span class='ocrx_word' id='word_1_198' title='bbox 908 1898 943 1927; x_wconf 88' lang='lat' dir='ltr'>of</span> <span class='ocrx_word' id='word_1_199' title='bbox 958 1899 1032 1928; x_wconf 83' lang='lat' dir='ltr'>Bal-</span> 
     </span>
     <span class='ocr_line' id='line_1_33' title="bbox 342 1941 1034 1980; baseline -0.001 -9"><span class='ocrx_word' id='word_1_200' title='bbox 342 1942 454 1971; x_wconf 83' lang='lat' dir='ltr'>thazar</span> <span class='ocrx_word' id='word_1_201' title='bbox 464 1952 515 1971; x_wconf 86' lang='lat' dir='ltr'>are</span> <span class='ocrx_word' id='word_1_202' title='bbox 527 1954 532 1971; x_wconf 90' lang='lat'>:</span> <span class='ocrx_word' id='word_1_203' title='bbox 544 1964 550 1971; x_wconf 95' lang='lat'>.</span> <span class='ocrx_word' id='word_1_204' title='bbox 563 1965 569 1971; x_wconf 97' lang='lat'>.</span> <span class='ocrx_word' id='word_1_205' title='bbox 581 1963 588 1970; x_wconf 90' lang='lat'>.</span> <span class='ocrx_word' id='word_1_206' title='bbox 601 1942 649 1971; x_wconf 88' lang='lat' dir='ltr'>Ac</span> <span class='ocrx_word' id='word_1_207' title='bbox 660 1952 718 1971; x_wconf 82' lang='lat' dir='ltr'>ceu</span> <span class='ocrx_word' id='word_1_208' title='bbox 728 1941 777 1971; x_wconf 94' lang='lat' dir='ltr'>leo</span> <span class='ocrx_word' id='word_1_209' title='bbox 789 1951 842 1970; x_wconf 89' lang='lat' dir='ltr'>rex</span> <span class='ocrx_word' id='word_1_210' title='bbox 854 1941 1034 1980; x_wconf 85' lang='lat' dir='ltr'>quadrupe-</span> 
     </span>
     <span class='ocr_line' id='line_1_34' title="bbox 342 1984 1036 2020; baseline -0.003 -6"><span class='ocrx_word' id='word_1_211' title='bbox 342 1985 431 2020; x_wconf 89' lang='lat' dir='ltr'>dum,</span> <span class='ocrx_word' id='word_1_212' title='bbox 447 1989 482 2014; x_wconf 91' lang='lat' dir='ltr'>tu</span> <span class='ocrx_word' id='word_1_213' title='bbox 498 1985 577 2014; x_wconf 86' lang='lat' dir='ltr'>alter</span> <span class='ocrx_word' id='word_1_214' title='bbox 594 1984 672 2020; x_wconf 87' lang='lat' dir='ltr'>Leo,</span> <span class='ocrx_word' id='word_1_215' title='bbox 688 1984 857 2013; x_wconf 90' lang='lat' dir='ltr'>hominum</span> <span class='ocrx_word' id='word_1_216' title='bbox 879 1993 940 2012; x_wconf 88' lang='lat' dir='ltr'>non</span> <span class='ocrx_word' id='word_1_217' title='bbox 958 1984 1036 2013; x_wconf 84' lang='lat' dir='ltr'>alter</span> 
     </span>
     <span class='ocr_line' id='line_1_35' title="bbox 343 2027 1036 2065; baseline -0.001 -9"><span class='ocrx_word' id='word_1_218' title='bbox 343 2031 545 2063; x_wconf 85' lang='lat' dir='ltr'>rextautum,</span> <span class='ocrx_word' id='word_1_219' title='bbox 571 2027 626 2056; x_wconf 88' lang='lat' dir='ltr'>sed</span> <span class='ocrx_word' id='word_1_220' title='bbox 651 2037 763 2065; x_wconf 71' lang='lat' dir='ltr'>regum</span> <span class='ocrx_word' id='word_1_221' title='bbox 796 2036 862 2062; x_wconf 85' lang='lat' dir='ltr'>rex,</span> <span class='ocrx_word' id='word_1_222' title='bbox 892 2030 922 2055; x_wconf 88' lang='lat' dir='ltr'>et</span> <span class='ocrx_word' id='word_1_223' title='bbox 953 2027 1036 2056; x_wconf 88' lang='lat' dir='ltr'>orbis</span> 
     </span>
     <span class='ocr_line' id='line_1_36' title="bbox 342 2069 1038 2104; baseline -0.001 -5"><span class='ocrx_word' id='word_1_224' title='bbox 342 2075 499 2099; x_wconf 87' lang='lat' dir='ltr'>terrarum</span> <span class='ocrx_word' id='word_1_225' title='bbox 519 2070 692 2099; x_wconf 86' lang='lat' dir='ltr'>monarcha</span> <span class='ocrx_word' id='word_1_226' title='bbox 708 2069 847 2104; x_wconf 85' lang='lat' dir='ltr'>effectus,</span> <span class='ocrx_word' id='word_1_227' title='bbox 865 2069 943 2098; x_wconf 86' lang='lat' dir='ltr'>alias</span> <span class='ocrx_word' id='word_1_228' title='bbox 964 2079 1038 2099; x_wconf 87' lang='lat' dir='ltr'>oves</span> 
     </span>
     <span class='ocr_line' id='line_1_37' title="bbox 344 2112 1037 2151; baseline -0.001 -9"><span class='ocrx_word' id='word_1_229' title='bbox 344 2122 423 2151; x_wconf 87' lang='lat' dir='ltr'>quas</span> <span class='ocrx_word' id='word_1_230' title='bbox 439 2113 545 2148; x_wconf 81' lang='lat' dir='ltr'>habes,</span> <span class='ocrx_word' id='word_1_231' title='bbox 564 2123 634 2151; x_wconf 84' lang='lat' dir='ltr'>quae</span> <span class='ocrx_word' id='word_1_232' title='bbox 652 2123 715 2142; x_wconf 92' lang='lat' dir='ltr'>non</span> <span class='ocrx_word' id='word_1_233' title='bbox 732 2117 806 2142; x_wconf 80' lang='lat' dir='ltr'>sunt</span> <span class='ocrx_word' id='word_1_234' title='bbox 823 2112 860 2141; x_wconf 90' lang='lat' dir='ltr'>de</span> <span class='ocrx_word' id='word_1_235' title='bbox 876 2112 934 2141; x_wconf 89' lang='lat' dir='ltr'>hoc</span> <span class='ocrx_word' id='word_1_236' title='bbox 952 2113 1037 2149; x_wconf 85' lang='lat' dir='ltr'>ovili,</span> 
     </span>
     <span class='ocr_line' id='line_1_38' title="bbox 344 2154 1035 2192; baseline 0.001 -8"><span class='ocrx_word' id='word_1_237' title='bbox 344 2155 384 2184; x_wconf 89' lang='lat' dir='ltr'>ad</span> <span class='ocrx_word' id='word_1_238' title='bbox 403 2160 494 2185; x_wconf 87' lang='lat' dir='ltr'>tuum</span> <span class='ocrx_word' id='word_1_239' title='bbox 519 2155 600 2184; x_wconf 90' lang='lat' dir='ltr'>ovile</span> <span class='ocrx_word' id='word_1_240' title='bbox 620 2156 796 2192; x_wconf 85' lang='lat' dir='ltr'>reduceres,</span> <span class='ocrx_word' id='word_1_241' title='bbox 813 2154 968 2191; x_wconf 88' lang='lat' dir='ltr'>alliceres,</span> <span class='ocrx_word' id='word_1_242' title='bbox 988 2166 1035 2185; x_wconf 89' lang='lat' dir='ltr'>re-</span> 
     </span>
     <span class='ocr_line' id='line_1_39' title="bbox 344 2196 1036 2237; baseline 0.003 -11"><span class='ocrx_word' id='word_1_243' title='bbox 344 2208 489 2232; x_wconf 79' lang='lat' dir='ltr'>vocares3</span> <span class='ocrx_word' id='word_1_244' title='bbox 516 2197 684 2237; x_wconf 80' lang='lat' dir='ltr'>&amp;c.]—Et</span> <span class='ocrx_word' id='word_1_245' title='bbox 709 2208 782 2228; x_wconf 79' lang='lat' dir='ltr'>sess.</span> <span class='ocrx_word' id='word_1_246' title='bbox 803 2197 847 2227; x_wconf 86' lang='lat' dir='ltr'>ix.</span> <span class='ocrx_word' id='word_1_247' title='bbox 868 2196 959 2236; x_wconf 86' lang='lat' dir='ltr'>[ibid.</span> <span class='ocrx_word' id='word_1_248' title='bbox 978 2198 1036 2228; x_wconf 90' lang='lat' dir='ltr'>col.</span> 
     </span>
     <span class='ocr_line' id='line_1_40' title="bbox 344 2239 1038 2279; baseline -0.003 -9"><span class='ocrx_word' id='word_1_249' title='bbox 344 2239 435 2278; x_wconf 83' lang='lat'>237.]</span> <span class='ocrx_word' id='word_1_250' title='bbox 468 2240 659 2269; x_wconf 82' lang='lat' dir='ltr'>Adorabunt</span> <span class='ocrx_word' id='word_1_251' title='bbox 691 2250 764 2269; x_wconf 90' lang='lat' dir='ltr'>eum</span> <span class='ocrx_word' id='word_1_252' title='bbox 801 2250 910 2269; x_wconf 90' lang='lat' dir='ltr'>omnes</span> <span class='ocrx_word' id='word_1_253' title='bbox 948 2251 1038 2279; x_wconf 82' lang='lat' dir='ltr'>reges</span> 
     </span>
     <span class='ocr_line' id='line_1_41' title="bbox 345 2282 1038 2321; baseline 0 -9"><span class='ocrx_word' id='word_1_254' title='bbox 345 2288 447 2317; x_wconf 85' lang='lat' dir='ltr'>terrae,</span> <span class='ocrx_word' id='word_1_255' title='bbox 467 2282 593 2321; x_wconf 89' lang='lat' dir='ltr'>[omnes</span> <span class='ocrx_word' id='word_1_256' title='bbox 613 2287 723 2320; x_wconf 80' lang='lat' dir='ltr'>gentes</span> <span class='ocrx_word' id='word_1_257' title='bbox 748 2282 886 2312; x_wconf 89' lang='lat' dir='ltr'>servient</span> <span class='ocrx_word' id='word_1_258' title='bbox 909 2283 1038 2312; x_wconf 76' lang='lat' dir='ltr'>ei.——Et</span> 
     </span>
     <span class='ocr_line' id='line_1_42' title="bbox 344 2324 1039 2364; baseline 0 -10"><span class='ocrx_word' id='word_1_259' title='bbox 344 2336 419 2355; x_wconf 83' lang='lat' dir='ltr'>sess.</span> <span class='ocrx_word' id='word_1_260' title='bbox 438 2335 479 2360; x_wconf 79' lang='lat' dir='ltr'>x.‚</span> <span class='ocrx_word' id='word_1_261' title='bbox 494 2325 570 2354; x_wconf 87' lang='lat' dir='ltr'>ibid.</span> <span class='ocrx_word' id='word_1_262' title='bbox 584 2324 642 2353; x_wconf 89' lang='lat' dir='ltr'>col.</span> <span class='ocrx_word' id='word_1_263' title='bbox 658 2324 747 2364; x_wconf 64' lang='lat'>238]</span> <span class='ocrx_word' id='word_1_264' title='bbox 774 2325 887 2353; x_wconf 79' lang='lat' dir='ltr'>OmniS</span> <span class='ocrx_word' id='word_1_265' title='bbox 911 2325 959 2354; x_wconf 92' lang='lat' dir='ltr'>illi</span> <span class='ocrx_word' id='word_1_266' title='bbox 983 2326 1039 2354; x_wconf 90' lang='lat' dir='ltr'>uni</span> 
     </span>
     <span class='ocr_line' id='line_1_43' title="bbox 345 2367 1038 2406; baseline 0 -10"><span class='ocrx_word' id='word_1_267' title='bbox 345 2368 378 2397; x_wconf 89' lang='lat' dir='ltr'>in</span> <span class='ocrx_word' id='word_1_268' title='bbox 395 2367 476 2397; x_wconf 86' lang='lat' dir='ltr'>coelo</span> <span class='ocrx_word' id='word_1_269' title='bbox 492 2372 523 2396; x_wconf 93' lang='lat' dir='ltr'>et</span> <span class='ocrx_word' id='word_1_270' title='bbox 538 2367 570 2396; x_wconf 93' lang='lat' dir='ltr'>in</span> <span class='ocrx_word' id='word_1_271' title='bbox 587 2372 669 2397; x_wconf 85' lang='lat' dir='ltr'>terra</span> <span class='ocrx_word' id='word_1_272' title='bbox 693 2367 805 2396; x_wconf 82' lang='lat' dir='ltr'>tradita</span> <span class='ocrx_word' id='word_1_273' title='bbox 825 2371 872 2396; x_wconf 86' lang='lat' dir='ltr'>est</span> <span class='ocrx_word' id='word_1_274' title='bbox 892 2372 1038 2406; x_wconf 85' lang='lat' dir='ltr'>potestas.</span> 
     </span>
     <span class='ocr_line' id='line_1_44' title="bbox 349 2409 1039 2449; baseline -0.001 -10"><span class='ocrx_word' id='word_1_275' title='bbox 349 2409 434 2449; x_wconf 86' lang='lat' dir='ltr'>[The</span> <span class='ocrx_word' id='word_1_276' title='bbox 445 2410 564 2449; x_wconf 89' lang='lat' dir='ltr'>precise</span> <span class='ocrx_word' id='word_1_277' title='bbox 576 2410 676 2439; x_wconf 89' lang='lat' dir='ltr'>words</span> <span class='ocrx_word' id='word_1_278' title='bbox 688 2420 758 2439; x_wconf 85' lang='lat' dir='ltr'>are:</span> <span class='ocrx_word' id='word_1_279' title='bbox 774 2433 780 2440; x_wconf 98' lang='lat'>.</span> <span class='ocrx_word' id='word_1_280' title='bbox 795 2432 801 2439; x_wconf 96' lang='lat'>.</span> <span class='ocrx_word' id='word_1_281' title='bbox 819 2432 825 2438; x_wconf 94' lang='lat'>.</span> <span class='ocrx_word' id='word_1_282' title='bbox 840 2409 913 2439; x_wconf 93' lang='lat' dir='ltr'>Non</span> <span class='ocrx_word' id='word_1_283' title='bbox 926 2410 1039 2448; x_wconf 79' lang='lat' dir='ltr'>ignari,</span> 
     </span>
     <span class='ocr_line' id='line_1_45' title="bbox 347 2452 1039 2491; baseline -0.001 -9"><span class='ocrx_word' id='word_1_284' title='bbox 347 2463 474 2482; x_wconf 88' lang='lat' dir='ltr'>omnem</span> <span class='ocrx_word' id='word_1_285' title='bbox 492 2453 549 2482; x_wconf 85' lang='lat' dir='ltr'>tibi</span> <span class='ocrx_word' id='word_1_286' title='bbox 565 2452 619 2482; x_wconf 86' lang='lat' dir='ltr'>uni</span> <span class='ocrx_word' id='word_1_287' title='bbox 636 2452 668 2491; x_wconf 92' lang='lat' dir='ltr'>(i.</span> <span class='ocrx_word' id='word_1_288' title='bbox 682 2463 705 2482; x_wconf 90' lang='lat' dir='ltr'>e.</span> <span class='ocrx_word' id='word_1_289' title='bbox 723 2452 823 2481; x_wconf 87' lang='lat' dir='ltr'>Leoni</span> <span class='ocrx_word' id='word_1_290' title='bbox 838 2452 895 2491; x_wconf 83' lang='lat' dir='ltr'>X.)</span> <span class='ocrx_word' id='word_1_291' title='bbox 908 2452 939 2481; x_wconf 89' lang='lat' dir='ltr'>in</span> <span class='ocrx_word' id='word_1_292' title='bbox 958 2452 1039 2481; x_wconf 84' lang='lat' dir='ltr'>coelo</span> 
     </span>
     <span class='ocr_line' id='line_1_46' title="bbox 346 2495 1041 2533; baseline -0.001 -8"><span class='ocrx_word' id='word_1_293' title='bbox 346 2500 377 2525; x_wconf 89' lang='lat' dir='ltr'>et</span> <span class='ocrx_word' id='word_1_294' title='bbox 390 2496 423 2525; x_wconf 89' lang='lat' dir='ltr'>in</span> <span class='ocrx_word' id='word_1_295' title='bbox 436 2500 519 2525; x_wconf 86' lang='lat' dir='ltr'>terra</span> <span class='ocrx_word' id='word_1_296' title='bbox 541 2495 688 2525; x_wconf 78' lang='lat' dir='ltr'>traditam</span> <span class='ocrx_word' id='word_1_297' title='bbox 705 2506 723 2524; x_wconf 87' lang='lat' dir='ltr'>a</span> <span class='ocrx_word' id='word_1_298' title='bbox 740 2495 879 2524; x_wconf 89' lang='lat' dir='ltr'>Domino</span> <span class='ocrx_word' id='word_1_299' title='bbox 903 2500 1041 2533; x_wconf 78' lang='lat' dir='ltr'>potesta—</span> 
     </span>
     <span class='ocr_line' id='line_1_47' title="bbox 347 2537 1041 2577; baseline -0.001 -10"><span class='ocrx_word' id='word_1_300' title='bbox 347 2542 422 2574; x_wconf 87' lang='lat' dir='ltr'>tem,</span> <span class='ocrx_word' id='word_1_301' title='bbox 440 2542 476 2567; x_wconf 89' lang='lat' dir='ltr'>ut</span> <span class='ocrx_word' id='word_1_302' title='bbox 490 2548 552 2567; x_wconf 91' lang='lat' dir='ltr'>non</span> <span class='ocrx_word' id='word_1_303' title='bbox 573 2538 792 2577; x_wconf 82' lang='lat' dir='ltr'>spiritualibus</span> <span class='ocrx_word' id='word_1_304' title='bbox 810 2542 934 2567; x_wconf 88' lang='lat' dir='ltr'>tantum</span> <span class='ocrx_word' id='word_1_305' title='bbox 954 2537 1041 2574; x_wconf 92' lang='lat' dir='ltr'>viris,</span> 
     </span>
     <span class='ocr_line' id='line_1_48' title="bbox 347 2580 1039 2619; baseline -0.001 -9"><span class='ocrx_word' id='word_1_306' title='bbox 347 2581 403 2610; x_wconf 86' lang='lat' dir='ltr'>sed</span> <span class='ocrx_word' id='word_1_307' title='bbox 423 2581 555 2610; x_wconf 86' lang='lat' dir='ltr'>terrenis</span> <span class='ocrx_word' id='word_1_308' title='bbox 578 2591 703 2619; x_wconf 89' lang='lat' dir='ltr'>quoque</span> <span class='ocrx_word' id='word_1_309' title='bbox 727 2581 825 2619; x_wconf 86' lang='lat' dir='ltr'>hujus</span> <span class='ocrx_word' id='word_1_310' title='bbox 848 2580 959 2609; x_wconf 87' lang='lat' dir='ltr'>saeculi</span> <span class='ocrx_word' id='word_1_311' title='bbox 984 2590 1039 2619; x_wconf 89' lang='lat' dir='ltr'>po-</span> 
     </span>
     <span class='ocr_line' id='line_1_49' title="bbox 347 2622 1041 2661; baseline -0.001 -9"><span class='ocrx_word' id='word_1_312' title='bbox 347 2623 515 2653; x_wconf 84' lang='lat' dir='ltr'>testatibus</span> <span class='ocrx_word' id='word_1_313' title='bbox 532 2623 564 2652; x_wconf 89' lang='lat' dir='ltr'>in</span> <span class='ocrx_word' id='word_1_314' title='bbox 581 2633 676 2652; x_wconf 87' lang='lat' dir='ltr'>causa</span> <span class='ocrx_word' id='word_1_315' title='bbox 693 2622 873 2652; x_wconf 88' lang='lat' dir='ltr'>communis</span> <span class='ocrx_word' id='word_1_316' title='bbox 894 2623 967 2651; x_wconf 92' lang='lat' dir='ltr'>boni</span> <span class='ocrx_word' id='word_1_317' title='bbox 987 2623 1041 2661; x_wconf 84' lang='lat' dir='ltr'>jus</span> 
     </span>
     <span class='ocr_line' id='line_1_50' title="bbox 347 2665 1040 2704; baseline -0.001 -9"><span class='ocrx_word' id='word_1_318' title='bbox 347 2666 450 2695; x_wconf 85' lang='lat' dir='ltr'>dicere</span> <span class='ocrx_word' id='word_1_319' title='bbox 472 2675 535 2695; x_wconf 90' lang='lat' dir='ltr'>non</span> <span class='ocrx_word' id='word_1_320' title='bbox 559 2665 885 2704; x_wconf 85' lang='lat' dir='ltr'>pertimescas.]—-Et</span> <span class='ocrx_word' id='word_1_321' title='bbox 907 2675 982 2694; x_wconf 70' lang='lat' dir='ltr'>sess</span> <span class='ocrx_word' id='word_1_322' title='bbox 998 2665 1040 2694; x_wconf 85' lang='lat' dir='ltr'>xi.</span> 
     </span>
     <span class='ocr_line' id='line_1_51' title="bbox 349 2707 1041 2747; baseline -0.001 -10"><span class='ocrx_word' id='word_1_323' title='bbox 349 2707 440 2747; x_wconf 91' lang='lat' dir='ltr'>[ibid.</span> <span class='ocrx_word' id='word_1_324' title='bbox 467 2709 525 2737; x_wconf 91' lang='lat' dir='ltr'>eol.</span> <span class='ocrx_word' id='word_1_325' title='bbox 553 2709 623 2738; x_wconf 84' lang='lat'>309.</span> <span class='ocrx_word' id='word_1_326' title='bbox 649 2708 791 2738; x_wconf 87' lang='lat' dir='ltr'>schedul.</span> <span class='ocrx_word' id='word_1_327' title='bbox 818 2708 956 2746; x_wconf 82' lang='lat' dir='ltr'>abrogat.</span> <span class='ocrx_word' id='word_1_328' title='bbox 983 2708 1041 2737; x_wconf 88' lang='lat' dir='ltr'>sub</span> 
     </span>
     <span class='ocr_line' id='line_1_52' title="bbox 346 2749 1042 2790; baseline -0.001 -10"><span class='ocrx_word' id='word_1_329' title='bbox 346 2750 434 2790; x_wconf 71' lang='lat' dir='ltr'>init]</span> <span class='ocrx_word' id='word_1_330' title='bbox 452 2751 564 2780; x_wconf 80' lang='lat' dir='ltr'>Pastor</span> <span class='ocrx_word' id='word_1_331' title='bbox 585 2752 747 2786; x_wconf 85' lang='lat' dir='ltr'>AEternus,</span> <span class='ocrx_word' id='word_1_332' title='bbox 767 2749 914 2790; x_wconf 85' lang='lat' dir='ltr'>[gregem</span> <span class='ocrx_word' id='word_1_333' title='bbox 941 2750 1042 2779; x_wconf 89' lang='lat' dir='ltr'>Suum</span> 
     </span>
     <span class='ocr_line' id='line_1_53' title="bbox 348 2792 1040 2833; baseline -0.003 -10"><span class='ocrx_word' id='word_1_334' title='bbox 348 2804 450 2833; x_wconf 86' lang='lat' dir='ltr'>usque</span> <span class='ocrx_word' id='word_1_335' title='bbox 463 2794 502 2823; x_wconf 87' lang='lat' dir='ltr'>ad</span> <span class='ocrx_word' id='word_1_336' title='bbox 515 2793 824 2823; x_wconf 85' lang='lat' dir='ltr'>consummationem</span> <span class='ocrx_word' id='word_1_337' title='bbox 838 2792 949 2822; x_wconf 82' lang='lat' dir='ltr'>saeculi</span> <span class='ocrx_word' id='word_1_338' title='bbox 960 2803 1040 2822; x_wconf 89' lang='lat' dir='ltr'>nun-</span> 
     </span>
     <span class='ocr_line' id='line_1_54' title="bbox 349 2836 1041 2875; baseline -0.003 -9"><span class='ocrx_word' id='word_1_339' title='bbox 349 2846 446 2875; x_wconf 82' lang='lat' dir='ltr'>quam</span> <span class='ocrx_word' id='word_1_340' title='bbox 471 2837 663 2871; x_wconf 86' lang='lat' dir='ltr'>deserturus,</span> <span class='ocrx_word' id='word_1_341' title='bbox 687 2836 741 2872; x_wconf 88' lang='lat' dir='ltr'>ita,</span> <span class='ocrx_word' id='word_1_342' title='bbox 768 2836 924 2875; x_wconf 89' lang='lat' dir='ltr'>Apostolo</span> <span class='ocrx_word' id='word_1_343' title='bbox 951 2840 1041 2871; x_wconf 85' lang='lat' dir='ltr'>teste,</span> 
     </span>
     <span class='ocr_line' id='line_1_55' title="bbox 348 2878 1042 2918; baseline -0.001 -10"><span class='ocrx_word' id='word_1_344' title='bbox 348 2879 561 2909; x_wconf 86' lang='lat' dir='ltr'>obedientiam</span> <span class='ocrx_word' id='word_1_345' title='bbox 591 2879 711 2914; x_wconf 83' lang='lat' dir='ltr'>dilexit,</span> <span class='ocrx_word' id='word_1_346' title='bbox 739 2883 775 2908; x_wconf 91' lang='lat' dir='ltr'>ut</span> <span class='ocrx_word' id='word_1_347' title='bbox 806 2888 861 2917; x_wconf 88' lang='lat' dir='ltr'>pro</span> <span class='ocrx_word' id='word_1_348' title='bbox 886 2878 1042 2918; x_wconf 81' lang='lat' dir='ltr'>expiando</span> 
     </span>
     <span class='ocr_line' id='line_1_56' title="bbox 347 2921 1043 2962; baseline -0.001 -11"><span class='ocrx_word' id='word_1_349' title='bbox 347 2922 443 2961; x_wconf 89' lang='lat' dir='ltr'>primi</span> <span class='ocrx_word' id='word_1_350' title='bbox 458 2921 597 2962; x_wconf 89' lang='lat' dir='ltr'>parentis</span> <span class='ocrx_word' id='word_1_351' title='bbox 612 2921 834 2951; x_wconf 79' lang='lat' dir='ltr'>inobedientiae</span> <span class='ocrx_word' id='word_1_352' title='bbox 848 2926 976 2960; x_wconf 89' lang='lat' dir='ltr'>peccato</span> <span class='ocrx_word' id='word_1_353' title='bbox 994 2931 1043 2950; x_wconf 87' lang='lat' dir='ltr'>se-</span> 
     </span>
     <span class='ocr_line' id='line_1_57' title="bbox 348 2964 1043 3004; baseline -0.003 -10"><span class='ocrx_word' id='word_1_354' title='bbox 348 2966 456 3004; x_wconf 90' lang='lat' dir='ltr'>ipsum</span> <span class='ocrx_word' id='word_1_355' title='bbox 490 2965 716 3000; x_wconf 80' lang='lat' dir='ltr'>humiliaverit,</span> <span class='ocrx_word' id='word_1_356' title='bbox 753 2965 857 2994; x_wconf 85' lang='lat' dir='ltr'>factus</span> <span class='ocrx_word' id='word_1_357' title='bbox 895 2964 1043 2993; x_wconf 89' lang='lat' dir='ltr'>obediens</span> 
     </span>
     <span class='ocr_line' id='line_1_58' title="bbox 349 3007 1043 3047; baseline -0.004 -9"><span class='ocrx_word' id='word_1_358' title='bbox 349 3018 452 3047; x_wconf 85' lang='lat' dir='ltr'>usque</span> <span class='ocrx_word' id='word_1_359' title='bbox 468 3009 508 3039; x_wconf 84' lang='lat' dir='ltr'>ad</span> <span class='ocrx_word' id='word_1_360' title='bbox 524 3012 659 3039; x_wconf 88' lang='lat' dir='ltr'>mortem</span> <span class='ocrx_word' id='word_1_361' title='bbox 675 3020 681 3038; x_wconf 91' lang='lat'>:</span> <span class='ocrx_word' id='word_1_362' title='bbox 705 3007 902 3047; x_wconf 82' lang='lat' dir='ltr'>migraturus</span> <span class='ocrx_word' id='word_1_363' title='bbox 919 3017 991 3037; x_wconf 90' lang='lat' dir='ltr'>vero</span> <span class='ocrx_word' id='word_1_364' title='bbox 1005 3017 1043 3036; x_wconf 85' lang='lat' dir='ltr'>ex</span> 
     </span>
    </p>
   </div>
   <div class='ocr_carea' id='block_1_8' title="bbox 1093 999 1799 3040">
    <p class='ocr_par' dir='ltr' id='par_1_8' title="bbox 1093 999 1799 2193">
     <span class='ocr_line' id='line_1_59' title="bbox 1098 999 1797 1038; baseline -0.001 -9"><span class='ocrx_word' id='word_1_365' title='bbox 1098 1000 1219 1029; x_wconf 90' lang='lat' dir='ltr'>mundo</span> <span class='ocrx_word' id='word_1_366' title='bbox 1245 1000 1284 1029; x_wconf 87' lang='lat' dir='ltr'>ad</span> <span class='ocrx_word' id='word_1_367' title='bbox 1304 1000 1441 1035; x_wconf 87' lang='lat' dir='ltr'>Patrem,</span> <span class='ocrx_word' id='word_1_368' title='bbox 1460 999 1492 1028; x_wconf 87' lang='lat' dir='ltr'>in</span> <span class='ocrx_word' id='word_1_369' title='bbox 1517 999 1674 1028; x_wconf 84' lang='lat' dir='ltr'>soliditate</span> <span class='ocrx_word' id='word_1_370' title='bbox 1698 1004 1797 1038; x_wconf 79' lang='lat' dir='ltr'>petrae</span> 
     </span>
     <span class='ocr_line' id='line_1_60' title="bbox 1099 1041 1798 1082; baseline -0.001 -10"><span class='ocrx_word' id='word_1_371' title='bbox 1099 1042 1245 1079; x_wconf 89' lang='lat' dir='ltr'>Petrum,</span> <span class='ocrx_word' id='word_1_372' title='bbox 1265 1041 1415 1082; x_wconf 85' lang='lat' dir='ltr'>ejusque]</span> <span class='ocrx_word' id='word_1_373' title='bbox 1445 1041 1562 1080; x_wconf 83' lang='lat' dir='ltr'>(Petri)</span> <span class='ocrx_word' id='word_1_374' title='bbox 1589 1052 1798 1078; x_wconf 86' lang='lat' dir='ltr'>successores,</span> 
     </span>
     <span class='ocr_line' id='line_1_61' title="bbox 1097 1084 1796 1124; baseline -0.003 -9"><span class='ocrx_word' id='word_1_375' title='bbox 1097 1086 1233 1115; x_wconf 81' lang='lat' dir='ltr'>vicarios</span> <span class='ocrx_word' id='word_1_376' title='bbox 1249 1085 1330 1115; x_wconf 88' lang='lat' dir='ltr'>Suos</span> <span class='ocrx_word' id='word_1_377' title='bbox 1347 1085 1496 1121; x_wconf 80' lang='lat' dir='ltr'>instituit,</span> <span class='ocrx_word' id='word_1_378' title='bbox 1516 1084 1633 1124; x_wconf 85' lang='lat' dir='ltr'>quibus</span> <span class='ocrx_word' id='word_1_379' title='bbox 1651 1084 1708 1123; x_wconf 82' lang='lat' dir='ltr'>[ex</span> <span class='ocrx_word' id='word_1_380' title='bbox 1724 1085 1796 1114; x_wconf 89' lang='lat' dir='ltr'>libri</span> 
     </span>
     <span class='ocr_line' id='line_1_62' title="bbox 1098 1127 1797 1167; baseline -0.001 -10"><span class='ocrx_word' id='word_1_381' title='bbox 1098 1128 1228 1167; x_wconf 84' lang='lat' dir='ltr'>Regum</span> <span class='ocrx_word' id='word_1_382' title='bbox 1245 1127 1444 1167; x_wconf 86' lang='lat' dir='ltr'>testimonio]</span> <span class='ocrx_word' id='word_1_383' title='bbox 1467 1128 1509 1156; x_wconf 86' lang='lat' dir='ltr'>ita</span> <span class='ocrx_word' id='word_1_384' title='bbox 1525 1128 1651 1157; x_wconf 87' lang='lat' dir='ltr'>obedire</span> <span class='ocrx_word' id='word_1_385' title='bbox 1668 1137 1797 1157; x_wconf 85' lang='lat' dir='ltr'>necesse</span> 
     </span>
     <span class='ocr_line' id='line_1_63' title="bbox 1097 1170 1798 1210; baseline -0.001 -10"><span class='ocrx_word' id='word_1_386' title='bbox 1097 1176 1154 1207; x_wconf 86' lang='lat' dir='ltr'>est,</span> <span class='ocrx_word' id='word_1_387' title='bbox 1173 1177 1220 1207; x_wconf 87' lang='lat' dir='ltr'>ut,</span> <span class='ocrx_word' id='word_1_388' title='bbox 1236 1171 1290 1210; x_wconf 91' lang='lat' dir='ltr'>qui</span> <span class='ocrx_word' id='word_1_389' title='bbox 1309 1181 1373 1200; x_wconf 90' lang='lat' dir='ltr'>non</span> <span class='ocrx_word' id='word_1_390' title='bbox 1393 1170 1554 1206; x_wconf 88' lang='lat' dir='ltr'>obedierit,</span> <span class='ocrx_word' id='word_1_391' title='bbox 1573 1175 1674 1199; x_wconf 88' lang='lat' dir='ltr'>morte</span> <span class='ocrx_word' id='word_1_392' title='bbox 1700 1170 1798 1199; x_wconf 89' lang='lat' dir='ltr'>mori-</span> 
     </span>
     <span class='ocr_line' id='line_1_64' title="bbox 1097 1213 1797 1251; baseline -0.003 -8"><span class='ocrx_word' id='word_1_393' title='bbox 1097 1214 1321 1244; x_wconf 88' lang='lat' dir='ltr'>atur.—-Conc.</span> <span class='ocrx_word' id='word_1_394' title='bbox 1336 1214 1422 1243; x_wconf 90' lang='lat' dir='ltr'>Trid.</span> <span class='ocrx_word' id='word_1_395' title='bbox 1439 1213 1592 1251; x_wconf 75' lang='lat' dir='ltr'>(wherein</span> <span class='ocrx_word' id='word_1_396' title='bbox 1610 1213 1653 1242; x_wconf 86' lang='lat' dir='ltr'>all</span> <span class='ocrx_word' id='word_1_397' title='bbox 1670 1213 1722 1242; x_wconf 88' lang='lat' dir='ltr'>the</span> <span class='ocrx_word' id='word_1_398' title='bbox 1734 1214 1797 1242; x_wconf 84' lang='lat' dir='ltr'>for-</span> 
     </span>
     <span class='ocr_line' id='line_1_65' title="bbox 1097 1256 1797 1294; baseline -0.003 -9"><span class='ocrx_word' id='word_1_399' title='bbox 1097 1267 1165 1286; x_wconf 82' lang='lat' dir='ltr'>mer</span> <span class='ocrx_word' id='word_1_400' title='bbox 1184 1257 1311 1287; x_wconf 85' lang='lat' dir='ltr'>decrees</span> <span class='ocrx_word' id='word_1_401' title='bbox 1328 1266 1406 1285; x_wconf 87' lang='lat' dir='ltr'>were</span> <span class='ocrx_word' id='word_1_402' title='bbox 1429 1256 1619 1294; x_wconf 83' lang='lat' dir='ltr'>confirmed)</span> <span class='ocrx_word' id='word_1_403' title='bbox 1639 1265 1713 1284; x_wconf 86' lang='lat' dir='ltr'>sess.</span> <span class='ocrx_word' id='word_1_404' title='bbox 1732 1256 1797 1284; x_wconf 80' lang='lat' dir='ltr'>xiv.</span> 
     </span>
     <span class='ocr_line' id='line_1_66' title="bbox 1098 1298 1797 1339; baseline -0.003 -10"><span class='ocrx_word' id='word_1_405' title='bbox 1098 1310 1166 1339; x_wconf 88' lang='lat' dir='ltr'>cap.</span> <span class='ocrx_word' id='word_1_406' title='bbox 1185 1300 1214 1332; x_wconf 86' lang='lat'>7.</span> <span class='ocrx_word' id='word_1_407' title='bbox 1233 1299 1301 1339; x_wconf 89' lang='lat' dir='ltr'>[De</span> <span class='ocrx_word' id='word_1_408' title='bbox 1323 1309 1457 1328; x_wconf 76' lang='lat' dir='ltr'>casuum</span> <span class='ocrx_word' id='word_1_409' title='bbox 1478 1298 1797 1333; x_wconf 74' lang='lat' dir='ltr'>reservat.—Labbe‚</span> 
     </span>
     <span class='ocr_line' id='line_1_67' title="bbox 1102 1341 1798 1381; baseline -0.004 -9"><span class='ocrx_word' id='word_1_410' title='bbox 1102 1346 1178 1373; x_wconf 91' lang='lat' dir='ltr'>tom.</span> <span class='ocrx_word' id='word_1_411' title='bbox 1197 1343 1261 1373; x_wconf 71' lang='lat' dir='ltr'>xiv·</span> <span class='ocrx_word' id='word_1_412' title='bbox 1280 1342 1337 1372; x_wconf 91' lang='lat' dir='ltr'>col.</span> <span class='ocrx_word' id='word_1_413' title='bbox 1354 1341 1444 1381; x_wconf 62' lang='lat'>820]</span> <span class='ocrx_word' id='word_1_414' title='bbox 1459 1365 1465 1372; x_wconf 98' lang='lat'>.</span> <span class='ocrx_word' id='word_1_415' title='bbox 1479 1363 1486 1371; x_wconf 89' lang='lat'>.</span> <span class='ocrx_word' id='word_1_416' title='bbox 1501 1364 1507 1370; x_wconf 90' lang='lat'>.</span> <span class='ocrx_word' id='word_1_417' title='bbox 1521 1341 1694 1370; x_wconf 78' lang='lat' dir='ltr'>Pontifices</span> <span class='ocrx_word' id='word_1_418' title='bbox 1710 1341 1798 1370; x_wconf 83' lang='lat' dir='ltr'>Max.</span> 
     </span>
     <span class='ocr_line' id='line_1_68' title="bbox 1103 1383 1799 1425; baseline -0.003 -11"><span class='ocrx_word' id='word_1_419' title='bbox 1103 1395 1159 1424; x_wconf 91' lang='lat' dir='ltr'>pro</span> <span class='ocrx_word' id='word_1_420' title='bbox 1176 1395 1325 1425; x_wconf 83' lang='lat' dir='ltr'>suprema</span> <span class='ocrx_word' id='word_1_421' title='bbox 1349 1389 1504 1424; x_wconf 85' lang='lat' dir='ltr'>potestate</span> <span class='ocrx_word' id='word_1_422' title='bbox 1529 1384 1589 1413; x_wconf 91' lang='lat' dir='ltr'>sibi</span> <span class='ocrx_word' id='word_1_423' title='bbox 1604 1383 1636 1412; x_wconf 87' lang='lat' dir='ltr'>in</span> <span class='ocrx_word' id='word_1_424' title='bbox 1654 1384 1799 1413; x_wconf 85' lang='lat' dir='ltr'>Ecclesia</span> 
     </span>
     <span class='ocr_line' id='line_1_69' title="bbox 1098 1426 1797 1463; baseline -0.003 -6"><span class='ocrx_word' id='word_1_425' title='bbox 1098 1428 1247 1457; x_wconf 82' lang='lat' dir='ltr'>universa</span> <span class='ocrx_word' id='word_1_426' title='bbox 1278 1428 1406 1463; x_wconf 83' lang='lat' dir='ltr'>tradita,</span> <span class='ocrx_word' id='word_1_427' title='bbox 1438 1426 1589 1457; x_wconf 63' lang='grc' dir='ltr'>δια-Εἰ</span> <span class='ocrx_word' id='word_1_428' title='bbox 1620 1426 1717 1456; x_wconf 85' lang='lat' dir='ltr'>Bulla</span> <span class='ocrx_word' id='word_1_429' title='bbox 1748 1426 1797 1455; x_wconf 91' lang='lat' dir='ltr'>Pii</span> 
     </span>
     <span class='ocr_line' id='line_1_70' title="bbox 1100 1468 1797 1510; baseline -0.001 -10"><span class='ocrx_word' id='word_1_430' title='bbox 1100 1470 1156 1501; x_wconf 88' lang='lat' dir='ltr'>IV.</span> <span class='ocrx_word' id='word_1_431' title='bbox 1189 1471 1344 1510; x_wconf 65' lang='lat' dir='ltr'>praedict,</span> <span class='ocrx_word' id='word_1_432' title='bbox 1372 1470 1422 1500; x_wconf 90' lang='lat' dir='ltr'>De</span> <span class='ocrx_word' id='word_1_433' title='bbox 1461 1469 1655 1509; x_wconf 87' lang='lat' dir='ltr'>professione</span> <span class='ocrx_word' id='word_1_434' title='bbox 1696 1468 1797 1499; x_wconf 85' lang='lat' dir='ltr'>Fidei.</span> 
     </span>
     <span class='ocr_line' id='line_1_71' title="bbox 1100 1511 1797 1552; baseline -0.001 -11"><span class='ocrx_word' id='word_1_435' title='bbox 1100 1512 1189 1552; x_wconf 90' lang='lat' dir='ltr'>[Vid.</span> <span class='ocrx_word' id='word_1_436' title='bbox 1209 1513 1328 1549; x_wconf 87' lang='lat' dir='ltr'>Labbe,</span> <span class='ocrx_word' id='word_1_437' title='bbox 1346 1518 1422 1542; x_wconf 85' lang='lat' dir='ltr'>tom.</span> <span class='ocrx_word' id='word_1_438' title='bbox 1439 1514 1500 1541; x_wconf 86' lang='lat' dir='ltr'>xiv.</span> <span class='ocrx_word' id='word_1_439' title='bbox 1528 1511 1584 1541; x_wconf 92' lang='lat' dir='ltr'>col.</span> <span class='ocrx_word' id='word_1_440' title='bbox 1612 1511 1703 1550; x_wconf 58' lang='lat'>946]</span> <span class='ocrx_word' id='word_1_441' title='bbox 1733 1512 1797 1541; x_wconf 84' lang='lat' dir='ltr'>Ro-</span> 
     </span>
     <span class='ocr_line' id='line_1_72' title="bbox 1098 1554 1798 1593; baseline -0.003 -8"><span class='ocrx_word' id='word_1_442' title='bbox 1098 1566 1193 1585; x_wconf 85' lang='lat' dir='ltr'>mano</span> <span class='ocrx_word' id='word_1_443' title='bbox 1219 1556 1378 1591; x_wconf 82' lang='lat' dir='ltr'>Pontifici,</span> <span class='ocrx_word' id='word_1_444' title='bbox 1399 1556 1433 1585; x_wconf 89' lang='grc' dir='ltr'>Β.</span> <span class='ocrx_word' id='word_1_445' title='bbox 1454 1555 1541 1584; x_wconf 88' lang='lat' dir='ltr'>Petri</span> <span class='ocrx_word' id='word_1_446' title='bbox 1568 1554 1798 1593; x_wconf 85' lang='lat' dir='ltr'>Apostolorum</span> 
     </span>
     <span class='ocr_line' id='line_1_73' title="bbox 1097 1596 1798 1637; baseline -0.001 -11"><span class='ocrx_word' id='word_1_447' title='bbox 1097 1598 1251 1637; x_wconf 82' lang='lat' dir='ltr'>principis</span> <span class='ocrx_word' id='word_1_448' title='bbox 1285 1598 1474 1633; x_wconf 84' lang='lat' dir='ltr'>successori,</span> <span class='ocrx_word' id='word_1_449' title='bbox 1503 1607 1538 1626; x_wconf 83' lang='lat' dir='ltr'>ac</span> <span class='ocrx_word' id='word_1_450' title='bbox 1567 1596 1645 1626; x_wconf 87' lang='lat' dir='ltr'>Jesu</span> <span class='ocrx_word' id='word_1_451' title='bbox 1677 1597 1798 1626; x_wconf 84' lang='lat' dir='ltr'>Christi</span> 
     </span>
     <span class='ocr_line' id='line_1_74' title="bbox 1097 1639 1797 1678; baseline -0.004 -8"><span class='ocrx_word' id='word_1_452' title='bbox 1097 1641 1234 1675; x_wconf 79' lang='lat' dir='ltr'>Vicario,</span> <span class='ocrx_word' id='word_1_453' title='bbox 1246 1651 1353 1670; x_wconf 83' lang='lat' dir='ltr'>veram</span> <span class='ocrx_word' id='word_1_454' title='bbox 1370 1640 1582 1669; x_wconf 79' lang='lat' dir='ltr'>obedientiam</span> <span class='ocrx_word' id='word_1_455' title='bbox 1600 1639 1746 1678; x_wconf 83' lang='lat' dir='ltr'>spondeo,</span> <span class='ocrx_word' id='word_1_456' title='bbox 1761 1649 1797 1668; x_wconf 86' lang='lat' dir='ltr'>ac</span> 
     </span>
     <span class='ocr_line' id='line_1_75' title="bbox 1093 1681 1797 1721; baseline -0.004 -8"><span class='ocrx_word' id='word_1_457' title='bbox 1093 1683 1184 1721; x_wconf 80' lang='lat' dir='ltr'>juro:</span> <span class='ocrx_word' id='word_1_458' title='bbox 1212 1689 1326 1713; x_wconf 80' lang='lat' dir='ltr'>caetera</span> <span class='ocrx_word' id='word_1_459' title='bbox 1341 1683 1417 1712; x_wconf 86' lang='lat' dir='ltr'>item</span> <span class='ocrx_word' id='word_1_460' title='bbox 1429 1683 1536 1712; x_wconf 85' lang='lat' dir='ltr'>omnia</span> <span class='ocrx_word' id='word_1_461' title='bbox 1553 1692 1570 1711; x_wconf 88' lang='lat' dir='ltr'>a</span> <span class='ocrx_word' id='word_1_462' title='bbox 1586 1681 1683 1710; x_wconf 82' lang='lat' dir='ltr'>sacris</span> <span class='ocrx_word' id='word_1_463' title='bbox 1702 1692 1797 1711; x_wconf 83' lang='lat' dir='ltr'>cano-</span> 
     </span>
     <span class='ocr_line' id='line_1_76' title="bbox 1097 1725 1798 1763; baseline -0.001 -8"><span class='ocrx_word' id='word_1_464' title='bbox 1097 1726 1202 1761; x_wconf 87' lang='lat' dir='ltr'>nibus,</span> <span class='ocrx_word' id='word_1_465' title='bbox 1220 1733 1249 1755; x_wconf 91' lang='lat' dir='ltr'>et</span> <span class='ocrx_word' id='word_1_466' title='bbox 1273 1736 1389 1755; x_wconf 89' lang='lat' dir='ltr'>oecum.</span> <span class='ocrx_word' id='word_1_467' title='bbox 1409 1725 1562 1761; x_wconf 74' lang='lat' dir='ltr'>conciliis,</span> <span class='ocrx_word' id='word_1_468' title='bbox 1580 1735 1615 1753; x_wconf 79' lang='lat' dir='ltr'>ac</span> <span class='ocrx_word' id='word_1_469' title='bbox 1638 1725 1798 1763; x_wconf 77' lang='lat' dir='ltr'>praecipue</span> 
     </span>
     <span class='ocr_line' id='line_1_77' title="bbox 1099 1766 1797 1808; baseline -0.001 -10"><span class='ocrx_word' id='word_1_470' title='bbox 1099 1768 1135 1806; x_wconf 81' lang='lat' dir='ltr'>[a</span> <span class='ocrx_word' id='word_1_471' title='bbox 1152 1768 1368 1808; x_wconf 78' lang='lat' dir='ltr'>sacrosancta]</span> <span class='ocrx_word' id='word_1_472' title='bbox 1389 1768 1576 1797; x_wconf 85' lang='lat' dir='ltr'>Tridentina</span> <span class='ocrx_word' id='word_1_473' title='bbox 1591 1766 1716 1805; x_wconf 70' lang='lat' dir='ltr'>syuodo</span> <span class='ocrx_word' id='word_1_474' title='bbox 1735 1773 1797 1797; x_wconf 85' lang='lat' dir='ltr'>tra-</span> 
     </span>
     <span class='ocr_line' id='line_1_78' title="bbox 1096 1809 1794 1847; baseline -0.004 -6"><span class='ocrx_word' id='word_1_475' title='bbox 1096 1811 1170 1847; x_wconf 83' lang='lat' dir='ltr'>dita,</span> <span class='ocrx_word' id='word_1_476' title='bbox 1188 1812 1328 1847; x_wconf 89' lang='lat' dir='ltr'>definita,</span> <span class='ocrx_word' id='word_1_477' title='bbox 1343 1816 1373 1840; x_wconf 87' lang='lat' dir='ltr'>et</span> <span class='ocrx_word' id='word_1_478' title='bbox 1391 1811 1559 1845; x_wconf 75' lang='lat' dir='ltr'>declarata,</span> <span class='ocrx_word' id='word_1_479' title='bbox 1576 1809 1794 1839; x_wconf 86' lang='lat' dir='ltr'>indubitanter</span> 
     </span>
     <span class='ocr_line' id='line_1_79' title="bbox 1095 1852 1792 1893; baseline -0.001 -10"><span class='ocrx_word' id='word_1_480' title='bbox 1095 1854 1214 1893; x_wconf 89' lang='lat' dir='ltr'>recipio</span> <span class='ocrx_word' id='word_1_481' title='bbox 1236 1860 1330 1893; x_wconf 85' lang='lat' dir='ltr'>atque</span> <span class='ocrx_word' id='word_1_482' title='bbox 1355 1854 1513 1893; x_wconf 84' lang='lat' dir='ltr'>profiteor,</span> <span class='ocrx_word' id='word_1_483' title='bbox 1532 1852 1694 1891; x_wconf 87' lang='lat' dir='ltr'>simulque</span> <span class='ocrx_word' id='word_1_484' title='bbox 1717 1863 1792 1882; x_wconf 90' lang='lat' dir='ltr'>con-</span> 
     </span>
     <span class='ocr_line' id='line_1_80' title="bbox 1096 1895 1791 1933; baseline -0.003 -8"><span class='ocrx_word' id='word_1_485' title='bbox 1096 1897 1191 1926; x_wconf 86' lang='lat' dir='ltr'>traria</span> <span class='ocrx_word' id='word_1_486' title='bbox 1208 1897 1314 1926; x_wconf 84' lang='lat' dir='ltr'>onmia</span> <span class='ocrx_word' id='word_1_487' title='bbox 1331 1920 1336 1926; x_wconf 95' lang='lat'>.</span> <span class='ocrx_word' id='word_1_488' title='bbox 1351 1919 1358 1926; x_wconf 89' lang='lat'>.</span> <span class='ocrx_word' id='word_1_489' title='bbox 1371 1919 1377 1925; x_wconf 87' lang='lat'><strong>.</strong></span> <span class='ocrx_word' id='word_1_490' title='bbox 1396 1896 1523 1931; x_wconf 87' lang='lat' dir='ltr'>damno,</span> <span class='ocrx_word' id='word_1_491' title='bbox 1539 1895 1657 1933; x_wconf 84' lang='lat' dir='ltr'>rejici0‚</span> <span class='ocrx_word' id='word_1_492' title='bbox 1670 1900 1700 1924; x_wconf 89' lang='lat' dir='ltr'>et</span> <span class='ocrx_word' id='word_1_493' title='bbox 1716 1905 1791 1924; x_wconf 78' lang='lat' dir='ltr'>ana-</span> 
     </span>
     <span class='ocr_line' id='line_1_81' title="bbox 1097 1938 1791 1968; baseline -0.001 0"><span class='ocrx_word' id='word_1_494' title='bbox 1097 1940 1279 1968; x_wconf 87' lang='lat' dir='ltr'>thematizo.</span> <span class='ocrx_word' id='word_1_495' title='bbox 1329 1939 1422 1968; x_wconf 88' lang='lat' dir='ltr'>Hanc</span> <span class='ocrx_word' id='word_1_496' title='bbox 1452 1948 1560 1968; x_wconf 84' lang='lat' dir='ltr'>veram</span> <span class='ocrx_word' id='word_1_497' title='bbox 1592 1938 1791 1967; x_wconf 79' lang='lat' dir='ltr'>Catholicam</span> 
     </span>
     <span class='ocr_line' id='line_1_82' title="bbox 1096 1980 1791 2020; baseline -0.003 -9"><span class='ocrx_word' id='word_1_498' title='bbox 1096 1982 1201 2017; x_wconf 91' lang='lat' dir='ltr'>fidem,</span> <span class='ocrx_word' id='word_1_499' title='bbox 1228 1986 1316 2012; x_wconf 79' lang='lat' dir='ltr'>extra</span> <span class='ocrx_word' id='word_1_500' title='bbox 1341 1992 1438 2020; x_wconf 87' lang='lat' dir='ltr'>quam</span> <span class='ocrx_word' id='word_1_501' title='bbox 1466 1991 1560 2010; x_wconf 90' lang='lat' dir='ltr'>nemo</span> <span class='ocrx_word' id='word_1_502' title='bbox 1583 1980 1691 2009; x_wconf 86' lang='lat' dir='ltr'>salvus</span> <span class='ocrx_word' id='word_1_503' title='bbox 1721 1991 1791 2009; x_wconf 83' lang='lat' dir='ltr'>esse</span> 
     </span>
     <span class='ocr_line' id='line_1_83' title="bbox 1096 2024 1791 2064; baseline -0.003 -10"><span class='ocrx_word' id='word_1_504' title='bbox 1096 2029 1207 2064; x_wconf 88' lang='lat' dir='ltr'>potest,</span> <span class='ocrx_word' id='word_1_505' title='bbox 1225 2048 1231 2055; x_wconf 98' lang='lat'>.</span> <span class='ocrx_word' id='word_1_506' title='bbox 1250 2048 1256 2055; x_wconf 97' lang='lat'>.</span> <span class='ocrx_word' id='word_1_507' title='bbox 1278 2047 1284 2054; x_wconf 89' lang='lat'>.</span> <span class='ocrx_word' id='word_1_508' title='bbox 1302 2029 1412 2064; x_wconf 84' lang='lat' dir='ltr'>sponte</span> <span class='ocrx_word' id='word_1_509' title='bbox 1436 2024 1594 2063; x_wconf 89' lang='lat' dir='ltr'>profiteor,</span> <span class='ocrx_word' id='word_1_510' title='bbox 1619 2027 1650 2052; x_wconf 87' lang='lat' dir='ltr'>et</span> <span class='ocrx_word' id='word_1_511' title='bbox 1666 2046 1672 2052; x_wconf 95' lang='lat'>.</span> <span class='ocrx_word' id='word_1_512' title='bbox 1693 2045 1700 2052; x_wconf 92' lang='lat'><strong>.</strong></span> <span class='ocrx_word' id='word_1_513' title='bbox 1718 2046 1725 2053; x_wconf 90' lang='lat'>.</span> <span class='ocrx_word' id='word_1_514' title='bbox 1743 2028 1791 2052; x_wconf 83' lang='lat' dir='ltr'>te—</span> 
     </span>
     <span class='ocr_line' id='line_1_84' title="bbox 1097 2065 1792 2103; baseline -0.001 -7"><span class='ocrx_word' id='word_1_515' title='bbox 1097 2077 1165 2103; x_wconf 83' lang='lat' dir='ltr'>neo,</span> <span class='ocrx_word' id='word_1_516' title='bbox 1188 2072 1219 2097; x_wconf 92' lang='lat' dir='ltr'>et</span> <span class='ocrx_word' id='word_1_517' title='bbox 1243 2068 1497 2097; x_wconf 75' lang='lat' dir='ltr'>constantissime</span> <span class='ocrx_word' id='word_1_518' title='bbox 1516 2089 1543 2095; x_wconf 92' lang='lat'>..</span> <span class='ocrx_word' id='word_1_519' title='bbox 1563 2090 1569 2096; x_wconf 99' lang='lat'>.</span> <span class='ocrx_word' id='word_1_520' title='bbox 1588 2076 1604 2094; x_wconf 81' lang='lat' dir='ltr'>a</span> <span class='ocrx_word' id='word_1_521' title='bbox 1622 2065 1712 2101; x_wconf 85' lang='lat' dir='ltr'>meis,</span> <span class='ocrx_word' id='word_1_522' title='bbox 1732 2087 1738 2093; x_wconf 91' lang='lat'>.</span> <span class='ocrx_word' id='word_1_523' title='bbox 1756 2088 1762 2094; x_wconf 91' lang='lat'>.</span> <span class='ocrx_word' id='word_1_524' title='bbox 1786 2089 1792 2095; x_wconf 92' lang='lat'>.</span> 
     </span>
     <span class='ocr_line' id='line_1_85' title="bbox 1098 2110 1790 2146; baseline -0.003 -7"><span class='ocrx_word' id='word_1_525' title='bbox 1098 2110 1206 2146; x_wconf 88' lang='lat' dir='ltr'>teneri,</span> <span class='ocrx_word' id='word_1_526' title='bbox 1222 2114 1252 2140; x_wconf 89' lang='lat' dir='ltr'>et</span> <span class='ocrx_word' id='word_1_527' title='bbox 1268 2110 1371 2139; x_wconf 90' lang='lat' dir='ltr'>doceri</span> <span class='ocrx_word' id='word_1_528' title='bbox 1388 2133 1394 2140; x_wconf 94' lang='lat'>.</span> <span class='ocrx_word' id='word_1_529' title='bbox 1413 2133 1419 2139; x_wconf 95' lang='lat'>.</span> <span class='ocrx_word' id='word_1_530' title='bbox 1437 2132 1444 2139; x_wconf 92' lang='lat'>.</span> <span class='ocrx_word' id='word_1_531' title='bbox 1464 2114 1651 2139; x_wconf 83' lang='lat' dir='ltr'>curaturum</span> <span class='ocrx_word' id='word_1_532' title='bbox 1668 2118 1719 2138; x_wconf 88' lang='lat' dir='ltr'>me</span> <span class='ocrx_word' id='word_1_533' title='bbox 1738 2118 1790 2137; x_wconf 86' lang='lat' dir='ltr'>vo-</span> 
     </span>
     <span class='ocr_line' id='line_1_86' title="bbox 1098 2153 1405 2193; baseline 0 -11"><span class='ocrx_word' id='word_1_534' title='bbox 1098 2163 1164 2189; x_wconf 90' lang='lat' dir='ltr'>veo,</span> <span class='ocrx_word' id='word_1_535' title='bbox 1183 2164 1217 2182; x_wconf 80' lang='lat' dir='ltr'>ac</span> <span class='ocrx_word' id='word_1_536' title='bbox 1231 2154 1324 2193; x_wconf 79' lang='lat' dir='ltr'>juro;</span> <span class='ocrx_word' id='word_1_537' title='bbox 1350 2153 1405 2183; x_wconf 62' lang='lat' dir='ltr'>&amp;Q</span> 
     </span>
    </p>

    <p class='ocr_par' dir='ltr' id='par_1_9' title="bbox 1100 2194 1794 2278">
     <span class='ocr_line' id='line_1_87' title="bbox 1142 2194 1794 2235; baseline -0.005 -10"><span class='ocrx_word' id='word_1_538' title='bbox 1142 2194 1159 2216; x_wconf 77' lang='lat'>¹¹</span> <span class='ocrx_word' id='word_1_539' title='bbox 1185 2196 1281 2235; x_wconf 77' lang='lat' dir='ltr'>Greg.</span> <span class='ocrx_word' id='word_1_540' title='bbox 1312 2195 1391 2225; x_wconf 84' lang='lat' dir='ltr'>VII.</span> <span class='ocrx_word' id='word_1_541' title='bbox 1426 2195 1576 2225; x_wconf 87' lang='lat' dir='ltr'>Dictatus</span> <span class='ocrx_word' id='word_1_542' title='bbox 1609 2196 1641 2224; x_wconf 91' lang='lat' dir='ltr'>in</span> <span class='ocrx_word' id='word_1_543' title='bbox 1672 2194 1794 2223; x_wconf 81' lang='lat' dir='ltr'>Concil.</span> 
     </span>
     <span class='ocr_line' id='line_1_88' title="bbox 1100 2236 1711 2278; baseline -0.003 -10"><span class='ocrx_word' id='word_1_544' title='bbox 1100 2239 1208 2274; x_wconf 86' lang='lat' dir='ltr'>Rom.,</span> <span class='ocrx_word' id='word_1_545' title='bbox 1225 2249 1319 2278; x_wconf 85' lang='lat' dir='ltr'>supra</span> <span class='ocrx_word' id='word_1_546' title='bbox 1337 2239 1421 2268; x_wconf 83' lang='lat' dir='ltr'>citat.</span> <span class='ocrx_word' id='word_1_547' title='bbox 1442 2237 1521 2277; x_wconf 85' lang='lat' dir='ltr'>[not.</span> <span class='ocrx_word' id='word_1_548' title='bbox 1542 2238 1581 2267; x_wconf 85' lang='lat' dir='ltr'>ad</span> <span class='ocrx_word' id='word_1_549' title='bbox 1598 2238 1645 2267; x_wconf 87' lang='lat' dir='ltr'>lit.</span> <span class='ocrx_word' id='word_1_550' title='bbox 1662 2236 1711 2276; x_wconf 58' lang='lat' dir='ltr'>gn]</span> 
     </span>
    </p>

    <p class='ocr_par' dir='ltr' id='par_1_10' title="bbox 1099 2279 1799 3040">
     <span class='ocr_line' id='line_1_89' title="bbox 1141 2279 1794 2315; baseline -0.005 -5"><span class='ocrx_word' id='word_1_551' title='bbox 1141 2279 1149 2301; x_wconf 81' lang='lat' dir='ltr'>i</span> <span class='ocrx_word' id='word_1_552' title='bbox 1175 2282 1303 2310; x_wconf 85' lang='lat' dir='ltr'>Silvest.</span> <span class='ocrx_word' id='word_1_553' title='bbox 1342 2281 1441 2310; x_wconf 77' lang='lat' dir='ltr'>Prier.</span> <span class='ocrx_word' id='word_1_554' title='bbox 1482 2280 1591 2315; x_wconf 78' lang='lat' dir='ltr'>Rom.,</span> <span class='ocrx_word' id='word_1_555' title='bbox 1617 2280 1689 2309; x_wconf 86' lang='lat' dir='ltr'>dial.</span> <span class='ocrx_word' id='word_1_556' title='bbox 1725 2279 1794 2308; x_wconf 87' lang='lat' dir='ltr'>adv.</span> 
     </span>
     <span class='ocr_line' id='line_1_90' title="bbox 1100 2323 1799 2362; baseline -0.004 -9"><span class='ocrx_word' id='word_1_557' title='bbox 1100 2324 1328 2362; x_wconf 81' lang='lat' dir='ltr'>Luth.——Ejus</span> <span class='ocrx_word' id='word_1_558' title='bbox 1353 2324 1438 2352; x_wconf 85' lang='lat' dir='ltr'>enim</span> <span class='ocrx_word' id='word_1_559' title='bbox 1465 2323 1662 2361; x_wconf 88' lang='lat' dir='ltr'>(Pontificis)</span> <span class='ocrx_word' id='word_1_560' title='bbox 1689 2326 1799 2351; x_wconf 80' lang='lat' dir='ltr'>aucto-</span> 
     </span>
     <span class='ocr_line' id='line_1_91' title="bbox 1099 2363 1797 2405; baseline -0.004 -10"><span class='ocrx_word' id='word_1_561' title='bbox 1099 2367 1175 2396; x_wconf 72' lang='lat' dir='ltr'>ritas</span> <span class='ocrx_word' id='word_1_562' title='bbox 1187 2367 1287 2404; x_wconf 83' lang='lat' dir='ltr'>major</span> <span class='ocrx_word' id='word_1_563' title='bbox 1299 2371 1344 2395; x_wconf 87' lang='lat' dir='ltr'>est</span> <span class='ocrx_word' id='word_1_564' title='bbox 1356 2376 1452 2405; x_wconf 72' lang='lat' dir='ltr'>quaxn</span> <span class='ocrx_word' id='word_1_565' title='bbox 1466 2366 1648 2404; x_wconf 63' lang='lat' dir='ltr'>scripturae.</span> <span class='ocrx_word' id='word_1_566' title='bbox 1676 2363 1797 2402; x_wconf 81' lang='lat' dir='ltr'>[These</span> 
     </span>
     <span class='ocr_line' id='line_1_92' title="bbox 1101 2407 1796 2448; baseline -0.006 -10"><span class='ocrx_word' id='word_1_567' title='bbox 1101 2409 1221 2448; x_wconf 87' lang='lat' dir='ltr'>precise</span> <span class='ocrx_word' id='word_1_568' title='bbox 1249 2409 1351 2437; x_wconf 85' lang='lat' dir='ltr'>words</span> <span class='ocrx_word' id='word_1_569' title='bbox 1381 2408 1460 2437; x_wconf 86' lang='lat' dir='ltr'>have</span> <span class='ocrx_word' id='word_1_570' title='bbox 1496 2414 1550 2437; x_wconf 86' lang='lat' dir='ltr'>not</span> <span class='ocrx_word' id='word_1_571' title='bbox 1580 2408 1658 2436; x_wconf 90' lang='lat' dir='ltr'>been</span> <span class='ocrx_word' id='word_1_572' title='bbox 1688 2407 1796 2435; x_wconf 83' lang='lat' dir='ltr'>found.</span> 
     </span>
     <span class='ocr_line' id='line_1_93' title="bbox 1102 2448 1795 2483; baseline -0.004 -3"><span class='ocrx_word' id='word_1_573' title='bbox 1102 2452 1167 2480; x_wconf 85' lang='lat' dir='ltr'>But</span> <span class='ocrx_word' id='word_1_574' title='bbox 1191 2462 1241 2480; x_wconf 86' lang='lat' dir='ltr'>see</span> <span class='ocrx_word' id='word_1_575' title='bbox 1265 2461 1282 2480; x_wconf 87' lang='lat' dir='ltr'>a</span> <span class='ocrx_word' id='word_1_576' title='bbox 1307 2450 1399 2480; x_wconf 88' lang='lat' dir='ltr'>small</span> <span class='ocrx_word' id='word_1_577' title='bbox 1426 2452 1485 2479; x_wconf 70' lang='lat' dir='ltr'>4t0.</span> <span class='ocrx_word' id='word_1_578' title='bbox 1505 2449 1564 2478; x_wconf 84' lang='lat' dir='ltr'>vol.</span> <span class='ocrx_word' id='word_1_579' title='bbox 1583 2449 1678 2479; x_wconf 81' lang='lat' dir='ltr'>dated</span> <span class='ocrx_word' id='word_1_580' title='bbox 1704 2448 1795 2483; x_wconf 79' lang='lat'>1519,</span> 
     </span>
     <span class='ocr_line' id='line_1_94' title="bbox 1103 2491 1794 2534; baseline -0.004 -11"><span class='ocrx_word' id='word_1_581' title='bbox 1103 2494 1222 2534; x_wconf 88' lang='lat' dir='ltr'>(partly</span> <span class='ocrx_word' id='word_1_582' title='bbox 1238 2494 1271 2522; x_wconf 90' lang='lat' dir='ltr'>in</span> <span class='ocrx_word' id='word_1_583' title='bbox 1285 2493 1377 2522; x_wconf 84' lang='lat' dir='ltr'>black</span> <span class='ocrx_word' id='word_1_584' title='bbox 1394 2492 1512 2529; x_wconf 89' lang='lat' dir='ltr'>letter‚)</span> <span class='ocrx_word' id='word_1_585' title='bbox 1528 2492 1712 2529; x_wconf 79' lang='lat' dir='ltr'>containing</span> <span class='ocrx_word' id='word_1_586' title='bbox 1729 2491 1794 2520; x_wconf 85' lang='lat' dir='ltr'>Re—</span> 
     </span>
     <span class='ocr_line' id='line_1_95' title="bbox 1102 2534 1796 2574; baseline -0.006 -8"><span class='ocrx_word' id='word_1_587' title='bbox 1102 2536 1274 2566; x_wconf 87' lang='lat' dir='ltr'>solutiones</span> <span class='ocrx_word' id='word_1_588' title='bbox 1308 2535 1574 2574; x_wconf 79' lang='lat' dir='ltr'>Disputationuni</span> <span class='ocrx_word' id='word_1_589' title='bbox 1606 2535 1643 2563; x_wconf 92' lang='lat' dir='ltr'>de</span> <span class='ocrx_word' id='word_1_590' title='bbox 1678 2534 1796 2563; x_wconf 82' lang='lat' dir='ltr'>virtute</span> 
     </span>
     <span class='ocr_line' id='line_1_96' title="bbox 1102 2576 1794 2617; baseline -0.006 -9"><span class='ocrx_word' id='word_1_591' title='bbox 1102 2578 1396 2617; x_wconf 74' lang='lat' dir='ltr'>Indulgentiarum,</span> <span class='ocrx_word' id='word_1_592' title='bbox 1413 2579 1481 2613; x_wconf 55' lang='lat' dir='ltr'>Sec„</span> <span class='ocrx_word' id='word_1_593' title='bbox 1501 2577 1633 2606; x_wconf 83' lang='lat' dir='ltr'>Martini</span> <span class='ocrx_word' id='word_1_594' title='bbox 1652 2576 1774 2605; x_wconf 87' lang='lat' dir='ltr'>Luther</span> <span class='ocrx_word' id='word_1_595' title='bbox 1789 2589 1794 2611; x_wconf 91' lang='grc'><strong>;</strong></span> 
     </span>
     <span class='ocr_line' id='line_1_97' title="bbox 1103 2619 1796 2650; baseline -0.004 0"><span class='ocrx_word' id='word_1_596' title='bbox 1103 2621 1154 2650; x_wconf 85' lang='lat' dir='ltr'>Fr.</span> <span class='ocrx_word' id='word_1_597' title='bbox 1170 2621 1316 2650; x_wconf 86' lang='lat' dir='ltr'>Silvestri</span> <span class='ocrx_word' id='word_1_598' title='bbox 1334 2620 1498 2650; x_wconf 82' lang='lat' dir='ltr'>Prieratis.</span> <span class='ocrx_word' id='word_1_599' title='bbox 1515 2642 1521 2648; x_wconf 96' lang='lat'>.</span> <span class='ocrx_word' id='word_1_600' title='bbox 1539 2643 1545 2648; x_wconf 94' lang='lat'>.</span> <span class='ocrx_word' id='word_1_601' title='bbox 1561 2620 1600 2648; x_wconf 88' lang='lat' dir='ltr'>ad</span> <span class='ocrx_word' id='word_1_602' title='bbox 1619 2619 1796 2648; x_wconf 81' lang='lat' dir='ltr'>Martinum</span> 
     </span>
     <span class='ocr_line' id='line_1_98' title="bbox 1102 2661 1794 2698; baseline -0.006 -5"><span class='ocrx_word' id='word_1_603' title='bbox 1102 2664 1208 2698; x_wconf 49' lang='lat' dir='ltr'>Diam</span> <span class='ocrx_word' id='word_1_604' title='bbox 1242 2663 1375 2693; x_wconf 83' lang='lat' dir='ltr'>Martini</span> <span class='ocrx_word' id='word_1_605' title='bbox 1403 2663 1526 2692; x_wconf 88' lang='lat' dir='ltr'>Luther</span> <span class='ocrx_word' id='word_1_606' title='bbox 1554 2662 1592 2691; x_wconf 82' lang='lat' dir='ltr'>ad</span> <span class='ocrx_word' id='word_1_607' title='bbox 1617 2661 1702 2690; x_wconf 81' lang='lat' dir='ltr'>Dial.</span> <span class='ocrx_word' id='word_1_608' title='bbox 1731 2661 1794 2690; x_wconf 87' lang='lat' dir='ltr'>Re-</span> 
     </span>
     <span class='ocr_line' id='line_1_99' title="bbox 1101 2704 1795 2745; baseline -0.003 -10"><span class='ocrx_word' id='word_1_609' title='bbox 1101 2716 1226 2745; x_wconf 86' lang='lat' dir='ltr'>spons.;</span> <span class='ocrx_word' id='word_1_610' title='bbox 1244 2728 1250 2734; x_wconf 94' lang='lat'>.</span> <span class='ocrx_word' id='word_1_611' title='bbox 1270 2729 1275 2735; x_wconf 96' lang='lat'>.</span> <span class='ocrx_word' id='word_1_612' title='bbox 1295 2728 1302 2734; x_wconf 89' lang='lat'>.</span> <span class='ocrx_word' id='word_1_613' title='bbox 1318 2710 1349 2735; x_wconf 87' lang='lat' dir='ltr'>et</span> <span class='ocrx_word' id='word_1_614' title='bbox 1372 2705 1433 2734; x_wconf 84' lang='lat' dir='ltr'>alia</span> <span class='ocrx_word' id='word_1_615' title='bbox 1458 2704 1795 2744; x_wconf 79' lang='lat' dir='ltr'>quaedam.—Silvest.</span> 
     </span>
     <span class='ocr_line' id='line_1_100' title="bbox 1102 2746 1797 2786; baseline -0.004 -8"><span class='ocrx_word' id='word_1_616' title='bbox 1102 2749 1199 2778; x_wconf 90' lang='lat' dir='ltr'>Prier.</span> <span class='ocrx_word' id='word_1_617' title='bbox 1231 2748 1420 2786; x_wconf 88' lang='lat' dir='ltr'>(Mazolin.)</span> <span class='ocrx_word' id='word_1_618' title='bbox 1452 2747 1581 2786; x_wconf 83' lang='lat' dir='ltr'>magist.</span> <span class='ocrx_word' id='word_1_619' title='bbox 1611 2747 1639 2776; x_wconf 84' lang='lat' dir='ltr'>S.</span> <span class='ocrx_word' id='word_1_620' title='bbox 1668 2746 1797 2782; x_wconf 85' lang='lat' dir='ltr'>Palatii,</span> 
     </span>
     <span class='ocr_line' id='line_1_101' title="bbox 1101 2789 1797 2831; baseline -0.007 -10"><span class='ocrx_word' id='word_1_621' title='bbox 1101 2791 1188 2821; x_wconf 83' lang='lat' dir='ltr'>Dial.</span> <span class='ocrx_word' id='word_1_622' title='bbox 1215 2801 1312 2831; x_wconf 85' lang='lat' dir='ltr'>prope</span> <span class='ocrx_word' id='word_1_623' title='bbox 1339 2790 1469 2830; x_wconf 88' lang='lat' dir='ltr'>princip.</span> <span class='ocrx_word' id='word_1_624' title='bbox 1493 2792 1507 2828; x_wconf 60' lang='grc' dir='ltr'><em>ξ</em></span> <span class='ocrx_word' id='word_1_625' title='bbox 1538 2789 1797 2818; x_wconf 80' lang='lat' dir='ltr'>Fundamentum</span> 
     </span>
     <span class='ocr_line' id='line_1_102' title="bbox 1100 2831 1799 2871; baseline -0.009 -7"><span class='ocrx_word' id='word_1_626' title='bbox 1100 2834 1482 2871; x_wconf 64' lang='lat' dir='ltr'>tertium—Quicunque</span> <span class='ocrx_word' id='word_1_627' title='bbox 1494 2842 1556 2861; x_wconf 91' lang='lat' dir='ltr'>non</span> <span class='ocrx_word' id='word_1_628' title='bbox 1568 2831 1716 2860; x_wconf 89' lang='lat' dir='ltr'>innititur</span> <span class='ocrx_word' id='word_1_629' title='bbox 1725 2831 1799 2859; x_wconf 88' lang='lat' dir='ltr'>doc-</span> 
     </span>
     <span class='ocr_line' id='line_1_103' title="bbox 1103 2873 1797 2909; baseline -0.007 -3"><span class='ocrx_word' id='word_1_630' title='bbox 1103 2877 1194 2906; x_wconf 78' lang='lat' dir='ltr'>trinae</span> <span class='ocrx_word' id='word_1_631' title='bbox 1223 2876 1379 2905; x_wconf 72' lang='lat' dir='ltr'>Romanae</span> <span class='ocrx_word' id='word_1_632' title='bbox 1406 2875 1573 2909; x_wconf 62' lang='lat' dir='ltr'>Ecclesiae,</span> <span class='ocrx_word' id='word_1_633' title='bbox 1597 2884 1632 2903; x_wconf 81' lang='lat' dir='ltr'>ac</span> <span class='ocrx_word' id='word_1_634' title='bbox 1658 2873 1797 2902; x_wconf 80' lang='lat' dir='ltr'>Romani</span> 
     </span>
     <span class='ocr_line' id='line_1_104' title="bbox 1104 2916 1796 2958; baseline -0.009 -9"><span class='ocrx_word' id='word_1_635' title='bbox 1104 2919 1281 2955; x_wconf 83' lang='lat' dir='ltr'>Pontificis,</span> <span class='ocrx_word' id='word_1_636' title='bbox 1297 2924 1447 2958; x_wconf 87' lang='lat' dir='ltr'>tanquam</span> <span class='ocrx_word' id='word_1_637' title='bbox 1465 2917 1583 2956; x_wconf 78' lang='lat' dir='ltr'>regulae</span> <span class='ocrx_word' id='word_1_638' title='bbox 1605 2916 1694 2945; x_wconf 86' lang='lat' dir='ltr'>Fidei</span> <span class='ocrx_word' id='word_1_639' title='bbox 1715 2916 1796 2944; x_wconf 88' lang='lat' dir='ltr'>ines-</span> 
     </span>
     <span class='ocr_line' id='line_1_105' title="bbox 1103 2959 1798 3000; baseline -0.006 -9"><span class='ocrx_word' id='word_1_640' title='bbox 1103 2963 1201 2997; x_wconf 78' lang='lat' dir='ltr'>fabili,</span> <span class='ocrx_word' id='word_1_641' title='bbox 1211 2973 1228 2992; x_wconf 83' lang='lat' dir='ltr'>a</span> <span class='ocrx_word' id='word_1_642' title='bbox 1241 2972 1304 3000; x_wconf 81' lang='lat' dir='ltr'>qua</span> <span class='ocrx_word' id='word_1_643' title='bbox 1314 2961 1410 2990; x_wconf 81' lang='lat' dir='ltr'>etiam</span> <span class='ocrx_word' id='word_1_644' title='bbox 1423 2960 1518 2989; x_wconf 84' lang='lat' dir='ltr'>Sacra</span> <span class='ocrx_word' id='word_1_645' title='bbox 1530 2959 1691 2998; x_wconf 83' lang='lat' dir='ltr'>Scriptura</span> <span class='ocrx_word' id='word_1_646' title='bbox 1703 2959 1798 2987; x_wconf 84' lang='lat' dir='ltr'>robur</span> 
     </span>
     <span class='ocr_line' id='line_1_106' title="bbox 1103 3000 1770 3040; baseline -0.006 -6"><span class='ocrx_word' id='word_1_647' title='bbox 1103 3005 1199 3035; x_wconf 81' lang='lat' dir='ltr'>trahit</span> <span class='ocrx_word' id='word_1_648' title='bbox 1215 3011 1245 3034; x_wconf 90' lang='lat' dir='ltr'>et</span> <span class='ocrx_word' id='word_1_649' title='bbox 1261 3004 1492 3040; x_wconf 84' lang='lat' dir='ltr'>auctoritatem,</span> <span class='ocrx_word' id='word_1_650' title='bbox 1510 3002 1678 3032; x_wconf 74' lang='lat' dir='ltr'>haereticus</span> <span class='ocrx_word' id='word_1_651' title='bbox 1696 3000 1770 3039; x_wconf 61' lang='lat' dir='ltr'>est]</span> 
     </span>
    </p>
   </div>
  </div>
 </body>
</html>
