<?xml version="1.0" encoding="UTF-8"?>
<!DOCTYPE html PUBLIC "-//W3C//DTD XHTML 1.0 Transitional//EN"
    "http://www.w3.org/TR/xhtml1/DTD/xhtml1-transitional.dtd">
<html xmlns="http://www.w3.org/1999/xhtml" xml:lang="en" lang="en">
 <head>
  <title>
</title>
<meta http-equiv="Content-Type" content="text/html;charset=utf-8" />
  <meta name='ocr-system' content='tesseract 3.04.00' />
  <meta name='ocr-capabilities' content='ocr_page ocr_carea ocr_par ocr_line ocrx_word'/>
</head>
<body>
  <div class='ocr_page' id='page_1' title='image "./considerationesm01forbuoft_0222.png"; bbox 0 0 1987 3244; ppageno 0'>
   <div class='ocr_carea' id='block_1_1' title="bbox 227 362 390 435">
    <p class='ocr_par' dir='ltr' id='par_1_1' title="bbox 227 362 390 435">
     <span class='ocr_line' id='line_1_1' title="bbox 227 362 390 393; baseline 0 0"><span class='ocrx_word' id='word_1_1' title='bbox 227 363 252 393; x_wconf 93' lang='lat' dir='ltr'>C</span> <span class='ocrx_word' id='word_1_2' title='bbox 269 362 390 393; x_wconf 87' lang='lat' dir='ltr'>HAP.</span> 
     </span>
     <span class='ocr_line' id='line_1_2' title="bbox 262 405 345 435; baseline 0 0"><span class='ocrx_word' id='word_1_3' title='bbox 262 405 345 435; x_wconf 90' lang='lat' dir='ltr'>VII.</span> 
     </span>
    </p>
   </div>
   <div class='ocr_carea' id='block_1_2' title="bbox 213 451 404 461">
    <p class='ocr_par' dir='ltr' id='par_1_2' title="bbox 213 451 404 461">
     <span class='ocr_line' id='line_1_3' title="bbox 213 451 404 461; baseline 0 2783"><span class='ocrx_word' id='word_1_4' title='bbox 213 451 404 461; x_wconf 95' lang='lat' dir='ltr'> </span> 
     </span>
    </p>
   </div>
   <div class='ocr_carea' id='block_1_3' title="bbox 423 241 1452 296">
    <p class='ocr_par' dir='ltr' id='par_1_3' title="bbox 423 241 1452 296">
     <span class='ocr_line' id='line_1_4' title="bbox 423 241 1452 296; baseline -0.006 -7"><span class='ocrx_word' id='word_1_5' title='bbox 423 249 505 289; x_wconf 68' lang='lat'>164</span> <span class='ocrx_word' id='word_1_6' title='bbox 851 247 892 286; x_wconf 81' lang='lat' dir='ltr'><strong><em>A</em></strong></span> <span class='ocrx_word' id='word_1_7' title='bbox 914 246 1186 287; x_wconf 71' lang='lat' dir='ltr'>Scholastical</span> <span class='ocrx_word' id='word_1_8' title='bbox 1204 245 1379 296; x_wconf 73' lang='lat' dir='ltr'>History</span> <span class='ocrx_word' id='word_1_9' title='bbox 1401 241 1452 295; x_wconf 84' lang='lat' dir='ltr'>of</span> 
     </span>
    </p>
   </div>
   <div class='ocr_carea' id='block_1_4' title="bbox 422 344 1891 1206">
    <p class='ocr_par' dir='ltr' id='par_1_4' title="bbox 422 344 1891 1206">
     <span class='ocr_line' id='line_1_5' title="bbox 422 344 1875 407; baseline -0.009 -12"><span class='ocrx_word' id='word_1_10' title='bbox 422 353 507 395; x_wconf 88' lang='lat' dir='ltr'>and</span> <span class='ocrx_word' id='word_1_11' title='bbox 528 353 838 407; x_wconf 88' lang='lat' dir='ltr'>disagreement</span> <span class='ocrx_word' id='word_1_12' title='bbox 859 353 1032 393; x_wconf 80' lang='lat' dir='ltr'>betwixt</span> <span class='ocrx_word' id='word_1_13' title='bbox 1052 352 1184 401; x_wconf 90' lang='lat' dir='ltr'>them,</span> <span class='ocrx_word' id='word_1_14' title='bbox 1205 351 1300 391; x_wconf 87' lang='lat' dir='ltr'>that</span> <span class='ocrx_word' id='word_1_15' title='bbox 1320 351 1394 390; x_wconf 93' lang='lat' dir='ltr'>the</span> <span class='ocrx_word' id='word_1_16' title='bbox 1417 349 1586 389; x_wconf 84' lang='lat' dir='ltr'>Roman</span> <span class='ocrx_word' id='word_1_17' title='bbox 1606 344 1875 386; x_wconf 85' lang='lat' dir='ltr'>emendators</span> 
     </span>
     <span class='ocr_line' id='line_1_6' title="bbox 423 410 1877 463; baseline -0.009 0"><span class='ocrx_word' id='word_1_18' title='bbox 423 422 471 463; x_wconf 83' lang='lat' dir='ltr'>of</span> <span class='ocrx_word' id='word_1_19' title='bbox 495 422 674 462; x_wconf 83' lang='lat' dir='ltr'>Gratian</span> <span class='ocrx_word' id='word_1_20' title='bbox 705 421 957 461; x_wconf 79' lang='lat' dir='ltr'>themselves</span> <span class='ocrx_word' id='word_1_21' title='bbox 987 420 1113 459; x_wconf 83' lang='lat' dir='ltr'>know</span> <span class='ocrx_word' id='word_1_22' title='bbox 1144 423 1220 458; x_wconf 90' lang='lat' dir='ltr'>not</span> <span class='ocrx_word' id='word_1_23' title='bbox 1249 418 1344 457; x_wconf 86' lang='lat' dir='ltr'>how</span> <span class='ocrx_word' id='word_1_24' title='bbox 1371 421 1416 456; x_wconf 91' lang='lat' dir='ltr'>to</span> <span class='ocrx_word' id='word_1_25' title='bbox 1446 419 1558 455; x_wconf 89' lang='lat' dir='ltr'>trust</span> <span class='ocrx_word' id='word_1_26' title='bbox 1589 414 1654 453; x_wconf 65' lang='lat' dir='ltr'>it‘.</span> <span class='ocrx_word' id='word_1_27' title='bbox 1717 412 1800 452; x_wconf 82' lang='lat' dir='ltr'>For</span> <span class='ocrx_word' id='word_1_28' title='bbox 1829 410 1877 449; x_wconf 88' lang='lat' dir='ltr'>in</span> 
     </span>
     <span class='ocr_line' id='line_1_7' title="bbox 423 479 1878 542; baseline -0.01 -11"><span class='ocrx_word' id='word_1_29' title='bbox 423 504 538 531; x_wconf 86' lang='lat' dir='ltr'>some</span> <span class='ocrx_word' id='word_1_30' title='bbox 571 489 709 542; x_wconf 84' lang='lat' dir='ltr'>copies</span> <span class='ocrx_word' id='word_1_31' title='bbox 741 489 843 542; x_wconf 91' lang='lat' dir='ltr'>they</span> <span class='ocrx_word' id='word_1_32' title='bbox 869 502 948 528; x_wconf 88' lang='lat' dir='ltr'>can</span> <span class='ocrx_word' id='word_1_33' title='bbox 978 486 1068 526; x_wconf 91' lang='lat' dir='ltr'>find</span> <span class='ocrx_word' id='word_1_34' title='bbox 1095 485 1264 525; x_wconf 81' lang='lat' dir='ltr'>neither</span> <span class='ocrx_word' id='word_1_35' title='bbox 1290 485 1364 524; x_wconf 88' lang='lat' dir='ltr'>the</span> <span class='ocrx_word' id='word_1_36' title='bbox 1399 483 1511 524; x_wconf 86' lang='lat' dir='ltr'>book</span> <span class='ocrx_word' id='word_1_37' title='bbox 1540 482 1586 522; x_wconf 84' lang='lat' dir='ltr'>of</span> <span class='ocrx_word' id='word_1_38' title='bbox 1610 479 1775 528; x_wconf 83' lang='lat' dir='ltr'>Judith,</span> <span class='ocrx_word' id='word_1_39' title='bbox 1797 490 1878 518; x_wconf 89' lang='lat' dir='ltr'>nor</span> 
     </span>
     <span class='ocr_line' id='line_1_8' title="bbox 423 548 1878 604; baseline -0.008 -6"><span class='ocrx_word' id='word_1_40' title='bbox 423 558 497 598; x_wconf 89' lang='lat' dir='ltr'>the</span> <span class='ocrx_word' id='word_1_41' title='bbox 519 556 674 598; x_wconf 90' lang='lat' dir='ltr'>second</span> <span class='ocrx_word' id='word_1_42' title='bbox 694 556 806 596; x_wconf 89' lang='lat' dir='ltr'>book</span> <span class='ocrx_word' id='word_1_43' title='bbox 827 555 874 595; x_wconf 82' lang='lat' dir='ltr'>of</span> <span class='ocrx_word' id='word_1_44' title='bbox 896 554 1172 603; x_wconf 80' lang='lat' dir='ltr'>Maccabees3</span> <span class='ocrx_word' id='word_1_45' title='bbox 1204 553 1250 592; x_wconf 92' lang='lat' dir='ltr'>in</span> <span class='ocrx_word' id='word_1_46' title='bbox 1280 552 1422 592; x_wconf 88' lang='lat' dir='ltr'>others</span> <span class='ocrx_word' id='word_1_47' title='bbox 1443 551 1545 604; x_wconf 90' lang='lat' dir='ltr'>they</span> <span class='ocrx_word' id='word_1_48' title='bbox 1565 550 1671 590; x_wconf 90' lang='lat' dir='ltr'>have</span> <span class='ocrx_word' id='word_1_49' title='bbox 1691 548 1770 588; x_wconf 86' lang='lat' dir='ltr'>but</span> <span class='ocrx_word' id='word_1_50' title='bbox 1797 558 1878 586; x_wconf 88' lang='lat' dir='ltr'>one</span> 
     </span>
     <span class='ocr_line' id='line_1_9' title="bbox 423 614 1879 675; baseline -0.01 -9"><span class='ocrx_word' id='word_1_51' title='bbox 423 625 536 666; x_wconf 87' lang='lat' dir='ltr'>book</span> <span class='ocrx_word' id='word_1_52' title='bbox 561 624 609 665; x_wconf 89' lang='lat' dir='ltr'>of</span> <span class='ocrx_word' id='word_1_53' title='bbox 632 624 705 664; x_wconf 90' lang='lat' dir='ltr'>the</span> <span class='ocrx_word' id='word_1_54' title='bbox 731 623 884 675; x_wconf 87' lang='lat' dir='ltr'>Kings,</span> <span class='ocrx_word' id='word_1_55' title='bbox 915 621 1000 661; x_wconf 90' lang='lat' dir='ltr'>and</span> <span class='ocrx_word' id='word_1_56' title='bbox 1035 634 1116 660; x_wconf 90' lang='lat' dir='ltr'>one</span> <span class='ocrx_word' id='word_1_57' title='bbox 1143 620 1190 661; x_wconf 86' lang='lat' dir='ltr'>of</span> <span class='ocrx_word' id='word_1_58' title='bbox 1218 620 1292 659; x_wconf 89' lang='lat' dir='ltr'>the</span> <span class='ocrx_word' id='word_1_59' title='bbox 1320 617 1594 666; x_wconf 84' lang='lat' dir='ltr'>Chronicles3</span> <span class='ocrx_word' id='word_1_60' title='bbox 1636 614 1879 655; x_wconf 81' lang='lat' dir='ltr'>sometimes</span> 
     </span>
     <span class='ocr_line' id='line_1_10' title="bbox 424 682 1878 740; baseline -0.008 -8"><span class='ocrx_word' id='word_1_61' title='bbox 424 693 557 740; x_wconf 85' lang='lat' dir='ltr'>three,</span> <span class='ocrx_word' id='word_1_62' title='bbox 580 690 663 731; x_wconf 88' lang='lat' dir='ltr'>and</span> <span class='ocrx_word' id='word_1_63' title='bbox 691 690 932 730; x_wconf 88' lang='lat' dir='ltr'>sometimes</span> <span class='ocrx_word' id='word_1_64' title='bbox 956 693 1052 738; x_wconf 91' lang='lat' dir='ltr'>two,</span> <span class='ocrx_word' id='word_1_65' title='bbox 1076 687 1160 728; x_wconf 89' lang='lat' dir='ltr'>and</span> <span class='ocrx_word' id='word_1_66' title='bbox 1188 685 1455 727; x_wconf 81' lang='lat' dir='ltr'>otherwhiles</span> <span class='ocrx_word' id='word_1_67' title='bbox 1486 686 1566 725; x_wconf 92' lang='lat' dir='ltr'>five</span> <span class='ocrx_word' id='word_1_68' title='bbox 1591 683 1637 724; x_wconf 83' lang='lat' dir='ltr'>of</span> <span class='ocrx_word' id='word_1_69' title='bbox 1662 682 1878 722; x_wconf 86' lang='lat' dir='ltr'>Solomon.</span> 
     </span>
     <span class='ocr_line' id='line_1_11' title="bbox 428 747 1881 801; baseline -0.009 -1"><span class='ocrx_word' id='word_1_70' title='bbox 428 761 484 801; x_wconf 85' lang='lat' dir='ltr'>So</span> <span class='ocrx_word' id='word_1_71' title='bbox 504 759 599 800; x_wconf 90' lang='lat' dir='ltr'>that</span> <span class='ocrx_word' id='word_1_72' title='bbox 619 773 676 799; x_wconf 89' lang='lat' dir='ltr'>no</span> <span class='ocrx_word' id='word_1_73' title='bbox 696 773 798 798; x_wconf 89' lang='lat' dir='ltr'>man</span> <span class='ocrx_word' id='word_1_74' title='bbox 819 772 898 798; x_wconf 89' lang='lat' dir='ltr'>can</span> <span class='ocrx_word' id='word_1_75' title='bbox 918 757 995 797; x_wconf 90' lang='lat' dir='ltr'>tell</span> <span class='ocrx_word' id='word_1_76' title='bbox 1015 757 1128 797; x_wconf 82' lang='lat' dir='ltr'>what</span> <span class='ocrx_word' id='word_1_77' title='bbox 1151 755 1346 796; x_wconf 84' lang='lat' dir='ltr'>Gelasius</span> <span class='ocrx_word' id='word_1_78' title='bbox 1367 753 1517 794; x_wconf 89' lang='lat' dir='ltr'>herein</span> <span class='ocrx_word' id='word_1_79' title='bbox 1538 751 1641 801; x_wconf 89' lang='lat' dir='ltr'>said,</span> <span class='ocrx_word' id='word_1_80' title='bbox 1663 750 1700 790; x_wconf 89' lang='lat' dir='ltr'>if</span> <span class='ocrx_word' id='word_1_81' title='bbox 1714 750 1769 789; x_wconf 90' lang='lat' dir='ltr'>he</span> <span class='ocrx_word' id='word_1_82' title='bbox 1791 747 1881 788; x_wconf 88' lang='lat' dir='ltr'>said</span> 
     </span>
     <span class='ocr_line' id='line_1_12' title="bbox 425 817 1882 882; baseline -0.01 -13"><span class='ocrx_word' id='word_1_83' title='bbox 425 843 509 882; x_wconf 91' lang='lat' dir='ltr'>any</span> <span class='ocrx_word' id='word_1_84' title='bbox 529 827 655 880; x_wconf 83' lang='lat' dir='ltr'>thing</span> <span class='ocrx_word' id='word_1_85' title='bbox 682 831 725 866; x_wconf 88' lang='lat' dir='ltr'>at</span> <span class='ocrx_word' id='word_1_86' title='bbox 753 826 820 867; x_wconf 88' lang='lat' dir='ltr'>all.</span> <span class='ocrx_word' id='word_1_87' title='bbox 883 825 972 865; x_wconf 88' lang='lat' dir='ltr'>But</span> <span class='ocrx_word' id='word_1_88' title='bbox 1004 825 1063 864; x_wconf 89' lang='lat' dir='ltr'>let</span> <span class='ocrx_word' id='word_1_89' title='bbox 1095 824 1129 864; x_wconf 89' lang='lat' dir='ltr'>it</span> <span class='ocrx_word' id='word_1_90' title='bbox 1164 823 1230 873; x_wconf 86' lang='lat' dir='ltr'>be,</span> <span class='ocrx_word' id='word_1_91' title='bbox 1259 823 1353 863; x_wconf 87' lang='lat' dir='ltr'>that</span> <span class='ocrx_word' id='word_1_92' title='bbox 1382 835 1497 862; x_wconf 89' lang='lat' dir='ltr'>some</span> <span class='ocrx_word' id='word_1_93' title='bbox 1526 819 1629 860; x_wconf 88' lang='lat' dir='ltr'>such</span> <span class='ocrx_word' id='word_1_94' title='bbox 1660 817 1882 868; x_wconf 83' lang='lat' dir='ltr'>catalogue</span> 
     </span>
     <span class='ocr_line' id='line_1_13' title="bbox 425 885 1875 947; baseline -0.009 -11"><span class='ocrx_word' id='word_1_95' title='bbox 425 910 510 936; x_wconf 85' lang='lat' dir='ltr'>was</span> <span class='ocrx_word' id='word_1_96' title='bbox 531 893 724 947; x_wconf 87' lang='lat' dir='ltr'>digested</span> <span class='ocrx_word' id='word_1_97' title='bbox 744 894 790 933; x_wconf 90' lang='lat' dir='ltr'>in</span> <span class='ocrx_word' id='word_1_98' title='bbox 812 893 875 932; x_wconf 90' lang='lat' dir='ltr'>his</span> <span class='ocrx_word' id='word_1_99' title='bbox 897 893 1025 932; x_wconf 88' lang='lat' dir='ltr'>time:</span> <span class='ocrx_word' id='word_1_100' title='bbox 1057 892 1112 931; x_wconf 87' lang='lat' dir='ltr'>all</span> <span class='ocrx_word' id='word_1_101' title='bbox 1128 891 1222 931; x_wconf 88' lang='lat' dir='ltr'>that</span> <span class='ocrx_word' id='word_1_102' title='bbox 1242 890 1277 930; x_wconf 90' lang='lat' dir='ltr'>is</span> <span class='ocrx_word' id='word_1_103' title='bbox 1300 889 1454 942; x_wconf 84' lang='lat' dir='ltr'>gained</span> <span class='ocrx_word' id='word_1_104' title='bbox 1475 888 1532 942; x_wconf 87' lang='lat' dir='ltr'>by</span> <span class='ocrx_word' id='word_1_105' title='bbox 1551 887 1599 937; x_wconf 87' lang='lat' dir='ltr'>it,</span> <span class='ocrx_word' id='word_1_106' title='bbox 1623 885 1791 939; x_wconf 81' lang='lat' dir='ltr'>against</span> <span class='ocrx_word' id='word_1_107' title='bbox 1811 897 1875 933; x_wconf 88' lang='lat' dir='ltr'>us,</span> 
     </span>
     <span class='ocr_line' id='line_1_14' title="bbox 428 954 1882 1016; baseline -0.008 -12"><span class='ocrx_word' id='word_1_108' title='bbox 428 964 465 1004; x_wconf 92' lang='lat' dir='ltr'>is</span> <span class='ocrx_word' id='word_1_109' title='bbox 486 978 530 1004; x_wconf 87' lang='lat' dir='ltr'>as</span> <span class='ocrx_word' id='word_1_110' title='bbox 553 963 662 1016; x_wconf 89' lang='lat' dir='ltr'>good</span> <span class='ocrx_word' id='word_1_111' title='bbox 684 977 728 1002; x_wconf 88' lang='lat' dir='ltr'>as</span> <span class='ocrx_word' id='word_1_112' title='bbox 749 962 932 1014; x_wconf 82' lang='lat' dir='ltr'>nothing</span> <span class='ocrx_word' id='word_1_113' title='bbox 945 978 956 1010; x_wconf 88' lang='lat'>;</span> <span class='ocrx_word' id='word_1_114' title='bbox 989 961 1053 1001; x_wconf 87' lang='lat' dir='ltr'>for</span> <span class='ocrx_word' id='word_1_115' title='bbox 1072 960 1106 1000; x_wconf 92' lang='lat' dir='ltr'>it</span> <span class='ocrx_word' id='word_1_116' title='bbox 1127 960 1162 1000; x_wconf 90' lang='lat' dir='ltr'>is</span> <span class='ocrx_word' id='word_1_117' title='bbox 1189 959 1266 999; x_wconf 88' lang='lat' dir='ltr'>but</span> <span class='ocrx_word' id='word_1_118' title='bbox 1295 973 1319 999; x_wconf 89' lang='lat' dir='ltr'>a</span> <span class='ocrx_word' id='word_1_119' title='bbox 1346 958 1566 1010; x_wconf 80' lang='lat' dir='ltr'>catalogue</span> <span class='ocrx_word' id='word_1_120' title='bbox 1588 956 1635 996; x_wconf 85' lang='lat' dir='ltr'>of</span> <span class='ocrx_word' id='word_1_121' title='bbox 1653 954 1882 995; x_wconf 87' lang='lat' dir='ltr'>Ecclesias-</span> 
     </span>
     <span class='ocr_line' id='line_1_15' title="bbox 429 1021 1883 1075; baseline -0.008 -4"><span class='ocrx_word' id='word_1_122' title='bbox 429 1031 531 1072; x_wconf 89' lang='lat' dir='ltr'>tical</span> <span class='ocrx_word' id='word_1_123' title='bbox 563 1030 695 1070; x_wconf 84' lang='lat' dir='ltr'>books</span> <span class='ocrx_word' id='word_1_124' title='bbox 728 1029 869 1068; x_wconf 80' lang='lat' dir='ltr'>mixed</span> <span class='ocrx_word' id='word_1_125' title='bbox 900 1028 1003 1068; x_wconf 86' lang='lat' dir='ltr'>with</span> <span class='ocrx_word' id='word_1_126' title='bbox 1033 1028 1107 1068; x_wconf 91' lang='lat' dir='ltr'>the</span> <span class='ocrx_word' id='word_1_127' title='bbox 1137 1026 1393 1075; x_wconf 74' lang='lat' dir='ltr'>Canonical,</span> <span class='ocrx_word' id='word_1_128' title='bbox 1430 1025 1513 1065; x_wconf 89' lang='lat' dir='ltr'>and</span> <span class='ocrx_word' id='word_1_129' title='bbox 1548 1024 1622 1064; x_wconf 90' lang='lat' dir='ltr'>the</span> <span class='ocrx_word' id='word_1_130' title='bbox 1650 1023 1744 1063; x_wconf 91' lang='lat' dir='ltr'>title</span> <span class='ocrx_word' id='word_1_131' title='bbox 1776 1021 1823 1061; x_wconf 80' lang='lat' dir='ltr'>of</span> <span class='ocrx_word' id='word_1_132' title='bbox 1848 1021 1883 1061; x_wconf 89' lang='lat' dir='ltr'>it</span> 
     </span>
     <span class='ocr_line' id='line_1_16' title="bbox 431 1088 1884 1148; baseline -0.006 -11"><span class='ocrx_word' id='word_1_133' title='bbox 431 1098 554 1138; x_wconf 85' lang='lat' dir='ltr'>bears</span> <span class='ocrx_word' id='word_1_134' title='bbox 580 1111 637 1137; x_wconf 91' lang='lat' dir='ltr'>no</span> <span class='ocrx_word' id='word_1_135' title='bbox 661 1109 777 1136; x_wconf 89' lang='lat' dir='ltr'>more</span> <span class='ocrx_word' id='word_1_136' title='bbox 805 1096 912 1135; x_wconf 84' lang='lat' dir='ltr'>than</span> <span class='ocrx_word' id='word_1_137' title='bbox 932 1109 992 1135; x_wconf 90' lang='lat' dir='ltr'>we</span> <span class='ocrx_word' id='word_1_138' title='bbox 1019 1095 1186 1148; x_wconf 80' lang='lat' dir='ltr'>usually</span> <span class='ocrx_word' id='word_1_139' title='bbox 1207 1094 1296 1147; x_wconf 89' lang='lat' dir='ltr'>give</span> <span class='ocrx_word' id='word_1_140' title='bbox 1324 1094 1358 1133; x_wconf 87' lang='lat' dir='ltr'>it</span> <span class='ocrx_word' id='word_1_141' title='bbox 1389 1092 1633 1141; x_wconf 69' lang='lat' dir='ltr'>oui-selveSS,</span> <span class='ocrx_word' id='word_1_142' title='bbox 1654 1095 1700 1131; x_wconf 90' lang='lat' dir='ltr'>to</span> <span class='ocrx_word' id='word_1_143' title='bbox 1728 1088 1884 1142; x_wconf 82' lang='lat' dir='ltr'>signify</span> 
     </span>
     <span class='ocr_line' id='line_1_17' title="bbox 431 1155 1891 1206; baseline -0.008 0"><span class='ocrx_word' id='word_1_144' title='bbox 431 1165 527 1206; x_wconf 88' lang='lat' dir='ltr'>that</span> <span class='ocrx_word' id='word_1_145' title='bbox 547 1164 667 1205; x_wconf 88' lang='lat' dir='ltr'>these</span> <span class='ocrx_word' id='word_1_146' title='bbox 689 1177 796 1204; x_wconf 83' lang='lat' dir='ltr'>were</span> <span class='ocrx_word' id='word_1_147' title='bbox 820 1163 892 1203; x_wconf 86' lang='lat' dir='ltr'>the</span> <span class='ocrx_word' id='word_1_148' title='bbox 916 1162 1050 1203; x_wconf 84' lang='lat' dir='ltr'>books</span> <span class='ocrx_word' id='word_1_149' title='bbox 1070 1162 1208 1203; x_wconf 83' lang='lat' dir='ltr'>which</span> <span class='ocrx_word' id='word_1_150' title='bbox 1228 1175 1336 1202; x_wconf 86' lang='lat' dir='ltr'>were</span> <span class='ocrx_word' id='word_1_151' title='bbox 1357 1160 1526 1201; x_wconf 83' lang='lat' dir='ltr'>written</span> <span class='ocrx_word' id='word_1_152' title='bbox 1553 1159 1599 1198; x_wconf 89' lang='lat' dir='ltr'>in</span> <span class='ocrx_word' id='word_1_153' title='bbox 1619 1158 1693 1199; x_wconf 88' lang='lat' dir='ltr'>the</span> <span class='ocrx_word' id='word_1_154' title='bbox 1718 1157 1822 1198; x_wconf 90' lang='lat' dir='ltr'>time</span> <span class='ocrx_word' id='word_1_155' title='bbox 1843 1155 1891 1196; x_wconf 87' lang='lat' dir='ltr'>of</span> 
     </span>
    </p>
   </div>
   <div class='ocr_carea' id='block_1_5' title="bbox 904 1269 1128 1342">
    <p class='ocr_par' dir='ltr' id='par_1_5' title="bbox 904 1269 1128 1342">
     <span class='ocr_line' id='line_1_18' title="bbox 1006 1269 1126 1299; baseline -0.017 0"><span class='ocrx_word' id='word_1_156' title='bbox 1006 1269 1126 1299; x_wconf 81' lang='lat' dir='ltr'>Tertia:</span> 
     </span>
     <span class='ocr_line' id='line_1_19' title="bbox 904 1312 1128 1342; baseline -0.004 -1"><span class='ocrx_word' id='word_1_157' title='bbox 904 1312 972 1342; x_wconf 83' lang='lat' dir='ltr'>Lex</span> <span class='ocrx_word' id='word_1_158' title='bbox 1002 1312 1128 1341; x_wconf 89' lang='lat' dir='ltr'>futuro-</span> 
     </span>
    </p>
   </div>
   <div class='ocr_carea' id='block_1_6' title="bbox 434 1271 1153 3041">
    <p class='ocr_par' dir='ltr' id='par_1_6' title="bbox 434 1271 1153 3041">
     <span class='ocr_line' id='line_1_20' title="bbox 435 1271 959 1302; baseline -0.004 0"><span class='ocrx_word' id='word_1_159' title='bbox 435 1274 443 1289; x_wconf 91' lang='lat'>‘</span> <span class='ocrx_word' id='word_1_160' title='bbox 459 1272 525 1302; x_wconf 89' lang='lat' dir='ltr'>Ubi</span> <span class='ocrx_word' id='word_1_161' title='bbox 542 1271 627 1301; x_wconf 88' lang='lat' dir='ltr'>enim</span> <span class='ocrx_word' id='word_1_162' title='bbox 642 1274 874 1301; x_wconf 87' lang='lat' dir='ltr'>testamentum</span> <span class='ocrx_word' id='word_1_163' title='bbox 891 1271 959 1300; x_wconf 85' lang='lat' dir='ltr'>est.&#39;</span> 
     </span>
     <span class='ocr_line' id='line_1_21' title="bbox 434 1313 872 1344; baseline -0.007 0"><span class='ocrx_word' id='word_1_164' title='bbox 434 1317 441 1331; x_wconf 89' lang='lat'>‘</span> <span class='ocrx_word' id='word_1_165' title='bbox 456 1315 615 1344; x_wconf 86' lang='lat' dir='ltr'>Umbram</span> <span class='ocrx_word' id='word_1_166' title='bbox 639 1314 726 1343; x_wconf 89' lang='lat' dir='ltr'>enim</span> <span class='ocrx_word' id='word_1_167' title='bbox 752 1313 872 1342; x_wconf 88' lang='lat' dir='ltr'>habens</span> 
     </span>
     <span class='ocr_line' id='line_1_22' title="bbox 435 1354 1132 1393; baseline -0.007 -6"><span class='ocrx_word' id='word_1_168' title='bbox 435 1368 508 1387; x_wconf 88' lang='lat' dir='ltr'>rum</span> <span class='ocrx_word' id='word_1_169' title='bbox 525 1358 700 1386; x_wconf 85' lang='lat' dir='ltr'>bonorum.’</span> <span class='ocrx_word' id='word_1_170' title='bbox 742 1355 841 1393; x_wconf 85' lang='lat' dir='ltr'>(Heb.</span> <span class='ocrx_word' id='word_1_171' title='bbox 860 1355 910 1393; x_wconf 84' lang='lat' dir='ltr'>x.)</span> <span class='ocrx_word' id='word_1_172' title='bbox 952 1355 991 1384; x_wconf 90' lang='lat' dir='ltr'>In</span> <span class='ocrx_word' id='word_1_173' title='bbox 1008 1354 1132 1384; x_wconf 84' lang='lat' dir='ltr'>Pascha</span> 
     </span>
     <span class='ocr_line' id='line_1_23' title="bbox 438 1397 1132 1437; baseline -0.006 -8"><span class='ocrx_word' id='word_1_174' title='bbox 438 1400 581 1436; x_wconf 85' lang='lat' dir='ltr'>Domini,</span> <span class='ocrx_word' id='word_1_175' title='bbox 598 1398 745 1428; x_wconf 87' lang='lat' dir='ltr'>homilias</span> <span class='ocrx_word' id='word_1_176' title='bbox 769 1398 809 1427; x_wconf 86' lang='lat' dir='ltr'>ad</span> <span class='ocrx_word' id='word_1_177' title='bbox 831 1398 938 1437; x_wconf 89' lang='lat' dir='ltr'>ipsum</span> <span class='ocrx_word' id='word_1_178' title='bbox 957 1397 1041 1426; x_wconf 86' lang='lat' dir='ltr'>diem</span> <span class='ocrx_word' id='word_1_179' title='bbox 1057 1407 1132 1436; x_wconf 85' lang='lat' dir='ltr'>per-</span> 
     </span>
     <span class='ocr_line' id='line_1_24' title="bbox 437 1439 1131 1471; baseline -0.003 0"><span class='ocrx_word' id='word_1_180' title='bbox 437 1443 593 1471; x_wconf 90' lang='lat' dir='ltr'>tinentes:</span> <span class='ocrx_word' id='word_1_181' title='bbox 618 1441 702 1470; x_wconf 85' lang='lat' dir='ltr'>infra</span> <span class='ocrx_word' id='word_1_182' title='bbox 722 1440 955 1470; x_wconf 81' lang='lat' dir='ltr'>hebdomadam</span> <span class='ocrx_word' id='word_1_183' title='bbox 972 1439 1131 1469; x_wconf 78' lang='lat' dir='ltr'>homilias.</span> 
     </span>
     <span class='ocr_line' id='line_1_25' title="bbox 439 1482 1132 1522; baseline -0.006 -8"><span class='ocrx_word' id='word_1_184' title='bbox 439 1485 479 1514; x_wconf 92' lang='lat' dir='ltr'>In</span> <span class='ocrx_word' id='word_1_185' title='bbox 497 1484 628 1514; x_wconf 87' lang='lat' dir='ltr'>Octavis</span> <span class='ocrx_word' id='word_1_186' title='bbox 645 1484 777 1513; x_wconf 81' lang='lat' dir='ltr'>Paschae</span> <span class='ocrx_word' id='word_1_187' title='bbox 794 1487 918 1522; x_wconf 86' lang='lat' dir='ltr'>ponunt</span> <span class='ocrx_word' id='word_1_188' title='bbox 928 1482 1029 1511; x_wconf 89' lang='lat' dir='ltr'>Actus</span> <span class='ocrx_word' id='word_1_189' title='bbox 1043 1482 1132 1521; x_wconf 90' lang='lat' dir='ltr'>Apo-</span> 
     </span>
     <span class='ocr_line' id='line_1_26' title="bbox 438 1525 1135 1564; baseline -0.004 -8"><span class='ocrx_word' id='word_1_190' title='bbox 438 1527 604 1562; x_wconf 87' lang='lat' dir='ltr'>stolorum,</span> <span class='ocrx_word' id='word_1_191' title='bbox 633 1530 663 1555; x_wconf 89' lang='lat' dir='ltr'>et</span> <span class='ocrx_word' id='word_1_192' title='bbox 702 1525 865 1564; x_wconf 84' lang='lat' dir='ltr'>Epistolas</span> <span class='ocrx_word' id='word_1_193' title='bbox 895 1526 1072 1557; x_wconf 81' lang='lat' dir='ltr'>canonicas.</span> <span class='ocrx_word' id='word_1_194' title='bbox 1104 1528 1135 1554; x_wconf 90' lang='lat' dir='ltr'>et</span> 
     </span>
     <span class='ocr_line' id='line_1_27' title="bbox 439 1567 1133 1609; baseline -0.004 -11"><span class='ocrx_word' id='word_1_195' title='bbox 439 1568 682 1609; x_wconf 85' lang='lat' dir='ltr'>Apocalypsim,</span> <span class='ocrx_word' id='word_1_196' title='bbox 708 1578 809 1606; x_wconf 88' lang='lat' dir='ltr'>usque</span> <span class='ocrx_word' id='word_1_197' title='bbox 832 1568 865 1596; x_wconf 89' lang='lat' dir='ltr'>in</span> <span class='ocrx_word' id='word_1_198' title='bbox 889 1567 1027 1596; x_wconf 82' lang='lat' dir='ltr'>Octavas</span> <span class='ocrx_word' id='word_1_199' title='bbox 1051 1567 1133 1596; x_wconf 86' lang='lat' dir='ltr'>Pen-</span> 
     </span>
     <span class='ocr_line' id='line_1_28' title="bbox 440 1609 1135 1648; baseline -0.004 -7"><span class='ocrx_word' id='word_1_200' title='bbox 440 1616 584 1641; x_wconf 87' lang='lat' dir='ltr'>tecostes.</span> <span class='ocrx_word' id='word_1_201' title='bbox 632 1610 670 1639; x_wconf 91' lang='lat' dir='ltr'>In</span> <span class='ocrx_word' id='word_1_202' title='bbox 697 1610 828 1639; x_wconf 78' lang='lat' dir='ltr'>Octavis</span> <span class='ocrx_word' id='word_1_203' title='bbox 852 1609 1055 1639; x_wconf 82' lang='lat' dir='ltr'>Pentecostes</span> <span class='ocrx_word' id='word_1_204' title='bbox 1078 1619 1135 1648; x_wconf 85' lang='lat' dir='ltr'>po·-</span> 
     </span>
     <span class='ocr_line' id='line_1_29' title="bbox 440 1651 1138 1691; baseline -0.004 -8"><span class='ocrx_word' id='word_1_205' title='bbox 440 1657 523 1683; x_wconf 90' lang='lat' dir='ltr'>nunt</span> <span class='ocrx_word' id='word_1_206' title='bbox 544 1653 642 1682; x_wconf 91' lang='lat' dir='ltr'>libros</span> <span class='ocrx_word' id='word_1_207' title='bbox 659 1653 798 1691; x_wconf 85' lang='lat' dir='ltr'>Regum,</span> <span class='ocrx_word' id='word_1_208' title='bbox 814 1655 845 1681; x_wconf 89' lang='lat' dir='ltr'>et</span> <span class='ocrx_word' id='word_1_209' title='bbox 862 1651 1138 1691; x_wconf 81' lang='lat' dir='ltr'>Paralipomenon,</span> 
     </span>
     <span class='ocr_line' id='line_1_30' title="bbox 440 1693 1136 1735; baseline -0.004 -10"><span class='ocrx_word' id='word_1_210' title='bbox 440 1706 542 1735; x_wconf 91' lang='lat' dir='ltr'>usque</span> <span class='ocrx_word' id='word_1_211' title='bbox 565 1695 599 1724; x_wconf 91' lang='lat' dir='ltr'>in</span> <span class='ocrx_word' id='word_1_212' title='bbox 624 1695 787 1724; x_wconf 85' lang='lat' dir='ltr'>Kalendas</span> <span class='ocrx_word' id='word_1_213' title='bbox 810 1694 958 1732; x_wconf 81' lang='lat' dir='ltr'>Augusti.</span> <span class='ocrx_word' id='word_1_214' title='bbox 1008 1693 1047 1723; x_wconf 92' lang='lat' dir='ltr'>In</span> <span class='ocrx_word' id='word_1_215' title='bbox 1071 1694 1136 1723; x_wconf 91' lang='lat' dir='ltr'>Do-</span> 
     </span>
     <span class='ocr_line' id='line_1_31' title="bbox 441 1736 1139 1777; baseline -0.006 -9"><span class='ocrx_word' id='word_1_216' title='bbox 441 1739 561 1768; x_wconf 87' lang='lat' dir='ltr'>minica</span> <span class='ocrx_word' id='word_1_217' title='bbox 584 1738 688 1777; x_wconf 84' lang='lat' dir='ltr'>prima</span> <span class='ocrx_word' id='word_1_218' title='bbox 710 1737 830 1766; x_wconf 83' lang='lat' dir='ltr'>mensis</span> <span class='ocrx_word' id='word_1_219' title='bbox 849 1736 991 1775; x_wconf 83' lang='lat' dir='ltr'>Augusti</span> <span class='ocrx_word' id='word_1_220' title='bbox 1015 1740 1139 1775; x_wconf 89' lang='lat' dir='ltr'>ponunt</span> 
     </span>
     <span class='ocr_line' id='line_1_32' title="bbox 444 1779 1138 1818; baseline -0.004 -8"><span class='ocrx_word' id='word_1_221' title='bbox 444 1781 660 1815; x_wconf 82' lang='lat' dir='ltr'>Salomonem,</span> <span class='ocrx_word' id='word_1_222' title='bbox 684 1790 787 1818; x_wconf 85' lang='lat' dir='ltr'>usque</span> <span class='ocrx_word' id='word_1_223' title='bbox 811 1779 845 1808; x_wconf 89' lang='lat' dir='ltr'>in</span> <span class='ocrx_word' id='word_1_224' title='bbox 872 1779 1034 1808; x_wconf 83' lang='lat' dir='ltr'>Kalendas</span> <span class='ocrx_word' id='word_1_225' title='bbox 1060 1779 1138 1818; x_wconf 84' lang='lat' dir='ltr'>Sep-</span> 
     </span>
     <span class='ocr_line' id='line_1_33' title="bbox 443 1821 1138 1860; baseline -0.004 -8"><span class='ocrx_word' id='word_1_226' title='bbox 443 1823 584 1853; x_wconf 89' lang='lat' dir='ltr'>tembris.</span> <span class='ocrx_word' id='word_1_227' title='bbox 648 1822 687 1851; x_wconf 90' lang='lat' dir='ltr'>In</span> <span class='ocrx_word' id='word_1_228' title='bbox 717 1821 890 1851; x_wconf 86' lang='lat' dir='ltr'>Dominica</span> <span class='ocrx_word' id='word_1_229' title='bbox 918 1821 1023 1860; x_wconf 90' lang='lat' dir='ltr'>prima</span> <span class='ocrx_word' id='word_1_230' title='bbox 1060 1821 1138 1860; x_wconf 86' lang='lat' dir='ltr'>Sep-</span> 
     </span>
     <span class='ocr_line' id='line_1_34' title="bbox 442 1863 1139 1904; baseline -0.003 -10"><span class='ocrx_word' id='word_1_231' title='bbox 442 1865 575 1895; x_wconf 88' lang='lat' dir='ltr'>tembris</span> <span class='ocrx_word' id='word_1_232' title='bbox 598 1870 721 1904; x_wconf 88' lang='lat' dir='ltr'>ponunt</span> <span class='ocrx_word' id='word_1_233' title='bbox 744 1864 815 1899; x_wconf 86' lang='lat' dir='ltr'>Job,</span> <span class='ocrx_word' id='word_1_234' title='bbox 841 1864 984 1899; x_wconf 88' lang='lat' dir='ltr'>Tobiam,</span> <span class='ocrx_word' id='word_1_235' title='bbox 1010 1863 1139 1899; x_wconf 83' lang='lat' dir='ltr'>Esther,</span> 
     </span>
     <span class='ocr_line' id='line_1_35' title="bbox 444 1906 1140 1946; baseline -0.004 -9"><span class='ocrx_word' id='word_1_236' title='bbox 444 1908 594 1943; x_wconf 86' lang='lat' dir='ltr'>Esdram,</span> <span class='ocrx_word' id='word_1_237' title='bbox 612 1917 713 1946; x_wconf 87' lang='lat' dir='ltr'>usque</span> <span class='ocrx_word' id='word_1_238' title='bbox 736 1907 769 1935; x_wconf 92' lang='lat' dir='ltr'>in</span> <span class='ocrx_word' id='word_1_239' title='bbox 794 1906 956 1936; x_wconf 80' lang='lat' dir='ltr'>Kalendas</span> <span class='ocrx_word' id='word_1_240' title='bbox 981 1906 1140 1935; x_wconf 89' lang='lat' dir='ltr'>Octobris.</span> 
     </span>
     <span class='ocr_line' id='line_1_36' title="bbox 446 1948 1140 1988; baseline -0.003 -9"><span class='ocrx_word' id='word_1_241' title='bbox 446 1950 486 1979; x_wconf 87' lang='lat' dir='ltr'>In</span> <span class='ocrx_word' id='word_1_242' title='bbox 514 1950 688 1979; x_wconf 87' lang='lat' dir='ltr'>Dominica</span> <span class='ocrx_word' id='word_1_243' title='bbox 716 1949 818 1988; x_wconf 86' lang='lat' dir='ltr'>prima</span> <span class='ocrx_word' id='word_1_244' title='bbox 846 1948 966 1978; x_wconf 87' lang='lat' dir='ltr'>mensis</span> <span class='ocrx_word' id='word_1_245' title='bbox 994 1948 1140 1977; x_wconf 86' lang='lat' dir='ltr'>Octobris</span> 
     </span>
     <span class='ocr_line' id='line_1_37' title="bbox 444 1991 1142 2032; baseline -0.004 -10"><span class='ocrx_word' id='word_1_246' title='bbox 444 1997 570 2032; x_wconf 85' lang='lat' dir='ltr'>ponunt</span> <span class='ocrx_word' id='word_1_247' title='bbox 598 1992 717 2021; x_wconf 84' lang='lat' dir='ltr'>librum</span> <span class='ocrx_word' id='word_1_248' title='bbox 743 1991 1016 2026; x_wconf 82' lang='lat' dir='ltr'>Machabaeorum,</span> <span class='ocrx_word' id='word_1_249' title='bbox 1040 2001 1142 2029; x_wconf 86' lang='lat' dir='ltr'>usque</span> 
     </span>
     <span class='ocr_line' id='line_1_38' title="bbox 445 2033 1143 2064; baseline -0.004 0"><span class='ocrx_word' id='word_1_250' title='bbox 445 2035 478 2064; x_wconf 88' lang='lat' dir='ltr'>in</span> <span class='ocrx_word' id='word_1_251' title='bbox 496 2034 660 2064; x_wconf 86' lang='lat' dir='ltr'>Kalendas</span> <span class='ocrx_word' id='word_1_252' title='bbox 678 2034 880 2064; x_wconf 62' lang='lat' dir='ltr'>Novembris</span> <span class='ocrx_word' id='word_1_253' title='bbox 913 2034 951 2063; x_wconf 92' lang='lat' dir='ltr'>In</span> <span class='ocrx_word' id='word_1_254' title='bbox 970 2033 1143 2062; x_wconf 87' lang='lat' dir='ltr'>Dominica</span> 
     </span>
     <span class='ocr_line' id='line_1_39' title="bbox 446 2076 1141 2116; baseline -0.001 -11"><span class='ocrx_word' id='word_1_255' title='bbox 446 2077 551 2116; x_wconf 88' lang='lat' dir='ltr'>prima</span> <span class='ocrx_word' id='word_1_256' title='bbox 566 2077 686 2106; x_wconf 85' lang='lat' dir='ltr'>mensis</span> <span class='ocrx_word' id='word_1_257' title='bbox 701 2076 893 2106; x_wconf 85' lang='lat' dir='ltr'>Novembris</span> <span class='ocrx_word' id='word_1_258' title='bbox 916 2080 1040 2115; x_wconf 90' lang='lat' dir='ltr'>ponunt</span> <span class='ocrx_word' id='word_1_259' title='bbox 1056 2076 1141 2105; x_wconf 86' lang='lat' dir='ltr'>Eze-</span> 
     </span>
     <span class='ocr_line' id='line_1_40' title="bbox 447 2118 1140 2155; baseline -0.003 -6"><span class='ocrx_word' id='word_1_260' title='bbox 447 2120 595 2155; x_wconf 89' lang='lat' dir='ltr'>chielem,</span> <span class='ocrx_word' id='word_1_261' title='bbox 613 2124 644 2149; x_wconf 87' lang='lat' dir='ltr'>et</span> <span class='ocrx_word' id='word_1_262' title='bbox 663 2119 840 2155; x_wconf 84' lang='lat' dir='ltr'>Danielem,</span> <span class='ocrx_word' id='word_1_263' title='bbox 857 2124 887 2148; x_wconf 88' lang='lat' dir='ltr'>et</span> <span class='ocrx_word' id='word_1_264' title='bbox 906 2119 1045 2147; x_wconf 89' lang='lat' dir='ltr'>minores</span> <span class='ocrx_word' id='word_1_265' title='bbox 1063 2118 1140 2147; x_wconf 88' lang='lat' dir='ltr'>Pro-</span> 
     </span>
     <span class='ocr_line' id='line_1_41' title="bbox 447 2161 1141 2201; baseline -0.001 -10"><span class='ocrx_word' id='word_1_266' title='bbox 447 2162 570 2201; x_wconf 82' lang='lat' dir='ltr'>phetas,</span> <span class='ocrx_word' id='word_1_267' title='bbox 588 2172 690 2201; x_wconf 88' lang='lat' dir='ltr'>usque</span> <span class='ocrx_word' id='word_1_268' title='bbox 712 2162 745 2190; x_wconf 90' lang='lat' dir='ltr'>in</span> <span class='ocrx_word' id='word_1_269' title='bbox 764 2161 928 2191; x_wconf 87' lang='lat' dir='ltr'>Kalendas</span> <span class='ocrx_word' id='word_1_270' title='bbox 943 2161 1141 2190; x_wconf 84' lang='lat' dir='ltr'>Decembris.</span> 
     </span>
     <span class='ocr_line' id='line_1_42' title="bbox 450 2203 1144 2241; baseline -0.001 -9"><span class='ocrx_word' id='word_1_271' title='bbox 450 2204 490 2232; x_wconf 89' lang='lat' dir='ltr'>In</span> <span class='ocrx_word' id='word_1_272' title='bbox 507 2204 680 2233; x_wconf 86' lang='lat' dir='ltr'>Dominica</span> <span class='ocrx_word' id='word_1_273' title='bbox 697 2204 799 2241; x_wconf 84' lang='lat' dir='ltr'>prima</span> <span class='ocrx_word' id='word_1_274' title='bbox 822 2203 940 2233; x_wconf 85' lang='lat' dir='ltr'>mensis</span> <span class='ocrx_word' id='word_1_275' title='bbox 958 2203 1144 2232; x_wconf 83' lang='lat' dir='ltr'>Decembris</span> 
     </span>
     <span class='ocr_line' id='line_1_43' title="bbox 448 2245 1145 2285; baseline 0 -11"><span class='ocrx_word' id='word_1_276' title='bbox 448 2250 573 2284; x_wconf 88' lang='lat' dir='ltr'>ponunt</span> <span class='ocrx_word' id='word_1_277' title='bbox 596 2245 729 2274; x_wconf 79' lang='lat' dir='ltr'>Esaiam</span> <span class='ocrx_word' id='word_1_278' title='bbox 752 2246 950 2285; x_wconf 78' lang='lat' dir='ltr'>prophetam,</span> <span class='ocrx_word' id='word_1_279' title='bbox 972 2255 1075 2284; x_wconf 86' lang='lat' dir='ltr'>usque</span> <span class='ocrx_word' id='word_1_280' title='bbox 1105 2245 1145 2274; x_wconf 91' lang='lat' dir='ltr'>ad</span> 
     </span>
     <span class='ocr_line' id='line_1_44' title="bbox 450 2287 1143 2316; baseline 0 0"><span class='ocrx_word' id='word_1_281' title='bbox 450 2287 651 2316; x_wconf 87' lang='lat' dir='ltr'>nativitatem</span> <span class='ocrx_word' id='word_1_282' title='bbox 676 2287 818 2316; x_wconf 88' lang='lat' dir='ltr'>Domini.</span> <span class='ocrx_word' id='word_1_283' title='bbox 873 2287 912 2316; x_wconf 87' lang='lat' dir='ltr'>In</span> <span class='ocrx_word' id='word_1_284' title='bbox 943 2287 1043 2316; x_wconf 87' lang='lat' dir='ltr'>natali</span> <span class='ocrx_word' id='word_1_285' title='bbox 1074 2287 1143 2316; x_wconf 87' lang='lat' dir='ltr'>Do-</span> 
     </span>
     <span class='ocr_line' id='line_1_45' title="bbox 450 2329 1146 2368; baseline -0.001 -10"><span class='ocrx_word' id='word_1_286' title='bbox 450 2329 532 2358; x_wconf 86' lang='lat' dir='ltr'>mini</span> <span class='ocrx_word' id='word_1_287' title='bbox 560 2329 674 2368; x_wconf 86' lang='lat' dir='ltr'>legunt</span> <span class='ocrx_word' id='word_1_288' title='bbox 702 2329 841 2367; x_wconf 87' lang='lat' dir='ltr'>primum</span> <span class='ocrx_word' id='word_1_289' title='bbox 879 2330 917 2358; x_wconf 88' lang='lat' dir='ltr'>de</span> <span class='ocrx_word' id='word_1_290' title='bbox 947 2329 1046 2358; x_wconf 82' lang='lat' dir='ltr'>Esaia</span> <span class='ocrx_word' id='word_1_291' title='bbox 1084 2333 1146 2358; x_wconf 85' lang='lat' dir='ltr'>tres</span> 
     </span>
     <span class='ocr_line' id='line_1_46' title="bbox 451 2370 1144 2401; baseline -0.003 0"><span class='ocrx_word' id='word_1_292' title='bbox 451 2371 610 2401; x_wconf 88' lang='lat' dir='ltr'>lectiones.</span> <span class='ocrx_word' id='word_1_293' title='bbox 656 2370 765 2400; x_wconf 87' lang='lat' dir='ltr'>Prima</span> <span class='ocrx_word' id='word_1_294' title='bbox 780 2371 892 2400; x_wconf 88' lang='lat' dir='ltr'>lectio:</span> <span class='ocrx_word' id='word_1_295' title='bbox 920 2374 927 2387; x_wconf 90' lang='lat'>‘</span> <span class='ocrx_word' id='word_1_296' title='bbox 939 2371 1048 2399; x_wconf 89' lang='lat' dir='ltr'>Primo</span> <span class='ocrx_word' id='word_1_297' title='bbox 1064 2375 1144 2400; x_wconf 90' lang='lat' dir='ltr'>tem-</span> 
     </span>
     <span class='ocr_line' id='line_1_47' title="bbox 452 2413 1145 2453; baseline -0.001 -11"><span class='ocrx_word' id='word_1_298' title='bbox 452 2423 527 2453; x_wconf 83' lang='lat' dir='ltr'>pore</span> <span class='ocrx_word' id='word_1_299' title='bbox 551 2413 700 2442; x_wconf 84' lang='lat' dir='ltr'>alleviata</span> <span class='ocrx_word' id='word_1_300' title='bbox 724 2417 772 2441; x_wconf 87' lang='lat' dir='ltr'>est</span> <span class='ocrx_word' id='word_1_301' title='bbox 794 2418 877 2441; x_wconf 88' lang='lat' dir='ltr'>terra</span> <span class='ocrx_word' id='word_1_302' title='bbox 900 2413 1067 2446; x_wconf 86' lang='lat' dir='ltr'>Zabul0n‚&#39;</span> <span class='ocrx_word' id='word_1_303' title='bbox 1088 2413 1145 2442; x_wconf 60' lang='lat' dir='ltr'>&amp;cn</span> 
     </span>
     <span class='ocr_line' id='line_1_48' title="bbox 454 2454 1146 2493; baseline -0.003 -8"><span class='ocrx_word' id='word_1_304' title='bbox 454 2455 620 2485; x_wconf 88' lang='lat' dir='ltr'>Secunda:</span> <span class='ocrx_word' id='word_1_305' title='bbox 639 2455 833 2493; x_wconf 86' lang='lat' dir='ltr'>‘Consurge,</span> <span class='ocrx_word' id='word_1_306' title='bbox 847 2457 1021 2493; x_wconf 77' lang='lat' dir='ltr'>consurge.⁷</span> <span class='ocrx_word' id='word_1_307' title='bbox 1042 2454 1146 2492; x_wconf 86' lang='lat' dir='ltr'>(Esai.</span> 
     </span>
     <span class='ocr_line' id='line_1_49' title="bbox 453 2496 1147 2535; baseline -0.004 -8"><span class='ocrx_word' id='word_1_308' title='bbox 453 2498 508 2533; x_wconf 70' lang='lat' dir='ltr'>ix„</span> <span class='ocrx_word' id='word_1_309' title='bbox 539 2497 594 2534; x_wconf 69' lang='lat' dir='ltr'>xl„</span> <span class='ocrx_word' id='word_1_310' title='bbox 624 2496 690 2535; x_wconf 90' lang='lat' dir='ltr'>lii.)</span> <span class='ocrx_word' id='word_1_311' title='bbox 747 2497 872 2526; x_wconf 87' lang='lat' dir='ltr'>Deinde</span> <span class='ocrx_word' id='word_1_312' title='bbox 900 2497 1052 2534; x_wconf 84' lang='lat' dir='ltr'>leguntur</span> <span class='ocrx_word' id='word_1_313' title='bbox 1082 2506 1147 2525; x_wconf 87' lang='lat' dir='ltr'>ser-</span> 
     </span>
     <span class='ocr_line' id='line_1_50' title="bbox 454 2537 1147 2577; baseline -0.004 -8"><span class='ocrx_word' id='word_1_314' title='bbox 454 2550 575 2575; x_wconf 88' lang='lat' dir='ltr'>mones,</span> <span class='ocrx_word' id='word_1_315' title='bbox 601 2539 653 2568; x_wconf 88' lang='lat' dir='ltr'>vel</span> <span class='ocrx_word' id='word_1_316' title='bbox 679 2539 833 2574; x_wconf 85' lang='lat' dir='ltr'>homiliae,</span> <span class='ocrx_word' id='word_1_317' title='bbox 858 2539 897 2568; x_wconf 84' lang='lat' dir='ltr'>ad</span> <span class='ocrx_word' id='word_1_318' title='bbox 925 2539 1031 2577; x_wconf 89' lang='lat' dir='ltr'>ipsum</span> <span class='ocrx_word' id='word_1_319' title='bbox 1063 2537 1147 2567; x_wconf 90' lang='lat' dir='ltr'>diem</span> 
     </span>
     <span class='ocr_line' id='line_1_51' title="bbox 454 2580 1147 2621; baseline -0.004 -10"><span class='ocrx_word' id='word_1_320' title='bbox 454 2582 657 2621; x_wconf 87' lang='lat' dir='ltr'>pertinentes.</span> <span class='ocrx_word' id='word_1_321' title='bbox 695 2581 733 2610; x_wconf 90' lang='lat' dir='ltr'>In</span> <span class='ocrx_word' id='word_1_322' title='bbox 749 2581 848 2610; x_wconf 87' lang='lat' dir='ltr'>natali</span> <span class='ocrx_word' id='word_1_323' title='bbox 865 2581 966 2610; x_wconf 85' lang='lat' dir='ltr'>sancti</span> <span class='ocrx_word' id='word_1_324' title='bbox 984 2580 1147 2619; x_wconf 83' lang='lat' dir='ltr'>Stephani,</span> 
     </span>
     <span class='ocr_line' id='line_1_52' title="bbox 454 2622 1149 2662; baseline -0.003 -9"><span class='ocrx_word' id='word_1_325' title='bbox 454 2624 589 2653; x_wconf 85' lang='lat' dir='ltr'>homilia</span> <span class='ocrx_word' id='word_1_326' title='bbox 612 2624 650 2653; x_wconf 88' lang='lat' dir='ltr'>de</span> <span class='ocrx_word' id='word_1_327' title='bbox 671 2623 740 2662; x_wconf 91' lang='lat' dir='ltr'>ipso</span> <span class='ocrx_word' id='word_1_328' title='bbox 765 2624 823 2654; x_wconf 91' lang='lat' dir='ltr'>die.</span> <span class='ocrx_word' id='word_1_329' title='bbox 871 2623 911 2652; x_wconf 90' lang='lat' dir='ltr'>In</span> <span class='ocrx_word' id='word_1_330' title='bbox 927 2622 1024 2652; x_wconf 83' lang='lat' dir='ltr'>natali</span> <span class='ocrx_word' id='word_1_331' title='bbox 1049 2622 1149 2651; x_wconf 88' lang='lat' dir='ltr'>sancti</span> 
     </span>
     <span class='ocr_line' id='line_1_53' title="bbox 455 2664 1149 2695; baseline -0.001 -1"><span class='ocrx_word' id='word_1_332' title='bbox 455 2666 611 2695; x_wconf 89' lang='lat' dir='ltr'>Johannis</span> <span class='ocrx_word' id='word_1_333' title='bbox 628 2666 783 2695; x_wconf 84' lang='lat' dir='ltr'>similiter.</span> <span class='ocrx_word' id='word_1_334' title='bbox 825 2665 865 2695; x_wconf 83' lang='lat' dir='ltr'>In</span> <span class='ocrx_word' id='word_1_335' title='bbox 878 2665 976 2694; x_wconf 84' lang='lat' dir='ltr'>natali</span> <span class='ocrx_word' id='word_1_336' title='bbox 989 2664 1149 2694; x_wconf 89' lang='lat' dir='ltr'>Innocen-</span> 
     </span>
     <span class='ocr_line' id='line_1_54' title="bbox 456 2706 1149 2737; baseline -0.001 -1"><span class='ocrx_word' id='word_1_337' title='bbox 456 2709 539 2737; x_wconf 87' lang='lat' dir='ltr'>tium</span> <span class='ocrx_word' id='word_1_338' title='bbox 563 2708 718 2737; x_wconf 87' lang='lat' dir='ltr'>similiter.</span> <span class='ocrx_word' id='word_1_339' title='bbox 774 2707 813 2736; x_wconf 95' lang='lat' dir='ltr'>In</span> <span class='ocrx_word' id='word_1_340' title='bbox 839 2707 939 2737; x_wconf 88' lang='lat' dir='ltr'>natali</span> <span class='ocrx_word' id='word_1_341' title='bbox 962 2707 1063 2736; x_wconf 87' lang='lat' dir='ltr'>sancti</span> <span class='ocrx_word' id='word_1_342' title='bbox 1088 2706 1149 2735; x_wconf 87' lang='lat' dir='ltr'>Sil-</span> 
     </span>
     <span class='ocr_line' id='line_1_55' title="bbox 457 2748 1152 2779; baseline -0.001 -1"><span class='ocrx_word' id='word_1_343' title='bbox 457 2749 554 2779; x_wconf 89' lang='lat' dir='ltr'>vestri</span> <span class='ocrx_word' id='word_1_344' title='bbox 583 2750 738 2779; x_wconf 87' lang='lat' dir='ltr'>similiter.</span> <span class='ocrx_word' id='word_1_345' title='bbox 799 2749 838 2779; x_wconf 90' lang='lat' dir='ltr'>In</span> <span class='ocrx_word' id='word_1_346' title='bbox 871 2750 993 2779; x_wconf 86' lang='lat' dir='ltr'>Octava</span> <span class='ocrx_word' id='word_1_347' title='bbox 1024 2748 1152 2778; x_wconf 88' lang='lat' dir='ltr'>Natalis</span> 
     </span>
     <span class='ocr_line' id='line_1_56' title="bbox 459 2790 1152 2830; baseline 0 -10"><span class='ocrx_word' id='word_1_348' title='bbox 459 2792 594 2821; x_wconf 87' lang='lat' dir='ltr'>Domini</span> <span class='ocrx_word' id='word_1_349' title='bbox 614 2791 747 2820; x_wconf 87' lang='lat' dir='ltr'>homilia</span> <span class='ocrx_word' id='word_1_350' title='bbox 770 2791 808 2820; x_wconf 89' lang='lat' dir='ltr'>de</span> <span class='ocrx_word' id='word_1_351' title='bbox 830 2792 897 2830; x_wconf 92' lang='lat' dir='ltr'>ipso</span> <span class='ocrx_word' id='word_1_352' title='bbox 921 2792 979 2821; x_wconf 90' lang='lat' dir='ltr'>die.</span> <span class='ocrx_word' id='word_1_353' title='bbox 1027 2791 1066 2820; x_wconf 90' lang='lat' dir='ltr'>In</span> <span class='ocrx_word' id='word_1_354' title='bbox 1082 2790 1152 2820; x_wconf 92' lang='lat' dir='ltr'>Do-</span> 
     </span>
     <span class='ocr_line' id='line_1_57' title="bbox 458 2833 1153 2872; baseline -0.001 -9"><span class='ocrx_word' id='word_1_355' title='bbox 458 2833 578 2863; x_wconf 88' lang='lat' dir='ltr'>minica</span> <span class='ocrx_word' id='word_1_356' title='bbox 592 2834 695 2872; x_wconf 84' lang='lat' dir='ltr'>prima</span> <span class='ocrx_word' id='word_1_357' title='bbox 711 2838 781 2872; x_wconf 92' lang='lat' dir='ltr'>post</span> <span class='ocrx_word' id='word_1_358' title='bbox 802 2834 1001 2863; x_wconf 86' lang='lat' dir='ltr'>nativitatem</span> <span class='ocrx_word' id='word_1_359' title='bbox 1019 2833 1153 2862; x_wconf 89' lang='lat' dir='ltr'>Domini</span> 
     </span>
     <span class='ocr_line' id='line_1_58' title="bbox 459 2875 1152 2916; baseline 0 -12"><span class='ocrx_word' id='word_1_360' title='bbox 459 2880 583 2916; x_wconf 88' lang='lat' dir='ltr'>ponunt</span> <span class='ocrx_word' id='word_1_361' title='bbox 600 2875 762 2914; x_wconf 88' lang='lat' dir='ltr'>Epistolas</span> <span class='ocrx_word' id='word_1_362' title='bbox 778 2875 883 2912; x_wconf 87' lang='lat' dir='ltr'>Pauli,</span> <span class='ocrx_word' id='word_1_363' title='bbox 898 2886 1001 2914; x_wconf 86' lang='lat' dir='ltr'>usque</span> <span class='ocrx_word' id='word_1_364' title='bbox 1024 2876 1057 2905; x_wconf 91' lang='lat' dir='ltr'>in</span> <span class='ocrx_word' id='word_1_365' title='bbox 1074 2875 1152 2914; x_wconf 87' lang='lat' dir='ltr'>Sep-</span> 
     </span>
     <span class='ocr_line' id='line_1_59' title="bbox 458 2917 1153 2957; baseline -0.003 -9"><span class='ocrx_word' id='word_1_366' title='bbox 458 2917 682 2956; x_wconf 87' lang='lat' dir='ltr'>tuagesimam.</span> <span class='ocrx_word' id='word_1_367' title='bbox 728 2917 769 2946; x_wconf 91' lang='lat' dir='ltr'>In</span> <span class='ocrx_word' id='word_1_368' title='bbox 794 2918 988 2957; x_wconf 86' lang='lat' dir='ltr'>Epiphania,</span> <span class='ocrx_word' id='word_1_369' title='bbox 1002 2918 1153 2947; x_wconf 87' lang='lat' dir='ltr'>lectiones</span> 
     </span>
     <span class='ocr_line' id='line_1_60' title="bbox 460 2959 1150 2999; baseline -0.001 -10"><span class='ocrx_word' id='word_1_370' title='bbox 460 2965 523 2990; x_wconf 85' lang='lat' dir='ltr'>tres</span> <span class='ocrx_word' id='word_1_371' title='bbox 548 2959 584 2989; x_wconf 88' lang='lat' dir='ltr'>de</span> <span class='ocrx_word' id='word_1_372' title='bbox 608 2959 715 2989; x_wconf 82' lang='lat' dir='ltr'>Esaia.</span> <span class='ocrx_word' id='word_1_373' title='bbox 761 2959 869 2989; x_wconf 87' lang='lat' dir='ltr'>Prima</span> <span class='ocrx_word' id='word_1_374' title='bbox 899 2960 993 2990; x_wconf 83' lang='lat' dir='ltr'>lectio</span> <span class='ocrx_word' id='word_1_375' title='bbox 1019 2960 1150 2999; x_wconf 83' lang='lat' dir='ltr'>incipit:</span> 
     </span>
     <span class='ocr_line' id='line_1_61' title="bbox 463 3001 1152 3041; baseline 0 -10"><span class='ocrx_word' id='word_1_376' title='bbox 463 3002 605 3032; x_wconf 86' lang='lat' dir='ltr'>‘Omnes</span> <span class='ocrx_word' id='word_1_377' title='bbox 621 3001 785 3032; x_wconf 86' lang='lat' dir='ltr'>sitientes.’</span> <span class='ocrx_word' id='word_1_378' title='bbox 825 3002 990 3033; x_wconf 86' lang='lat' dir='ltr'>Secunda:</span> <span class='ocrx_word' id='word_1_379' title='bbox 1017 3004 1024 3018; x_wconf 91' lang='lat'>‘</span> <span class='ocrx_word' id='word_1_380' title='bbox 1040 3002 1152 3041; x_wconf 85' lang='lat' dir='ltr'>Surge,</span> 
     </span>
    </p>
   </div>
   <div class='ocr_carea' id='block_1_7' title="bbox 1187 1263 1904 3040">
    <p class='ocr_par' dir='ltr' id='par_1_7' title="bbox 1187 1263 1886 1477">
     <span class='ocr_line' id='line_1_62' title="bbox 1187 1263 1885 1298; baseline -0.009 0"><span class='ocrx_word' id='word_1_381' title='bbox 1187 1266 1608 1298; x_wconf 88' lang='lat' dir='ltr'>illuminareHierusalem.’</span> <span class='ocrx_word' id='word_1_382' title='bbox 1634 1264 1756 1294; x_wconf 87' lang='lat' dir='ltr'>Tertia:</span> <span class='ocrx_word' id='word_1_383' title='bbox 1777 1263 1885 1293; x_wconf 89' lang='lat' dir='ltr'>‘Gau-</span> 
     </span>
     <span class='ocr_line' id='line_1_63' title="bbox 1189 1305 1885 1349; baseline -0.009 -9"><span class='ocrx_word' id='word_1_384' title='bbox 1189 1311 1267 1340; x_wconf 86' lang='lat' dir='ltr'>dens</span> <span class='ocrx_word' id='word_1_385' title='bbox 1290 1311 1434 1349; x_wconf 76' lang='lat' dir='ltr'>gaudebo</span> <span class='ocrx_word' id='word_1_386' title='bbox 1458 1310 1490 1338; x_wconf 88' lang='lat' dir='ltr'>in</span> <span class='ocrx_word' id='word_1_387' title='bbox 1515 1308 1677 1338; x_wconf 59' lang='lat' dir='ltr'>Domino?</span> <span class='ocrx_word' id='word_1_388' title='bbox 1704 1306 1811 1345; x_wconf 84' lang='lat' dir='ltr'>(Esai.</span> <span class='ocrx_word' id='word_1_389' title='bbox 1830 1305 1885 1342; x_wconf 90' lang='lat' dir='ltr'>lv.,</span> 
     </span>
     <span class='ocr_line' id='line_1_64' title="bbox 1189 1351 1886 1391; baseline -0.01 -8"><span class='ocrx_word' id='word_1_390' title='bbox 1189 1354 1243 1389; x_wconf 83' lang='lat' dir='ltr'>lx.,</span> <span class='ocrx_word' id='word_1_391' title='bbox 1268 1353 1340 1391; x_wconf 81' lang='lat' dir='ltr'>lxi.)</span> <span class='ocrx_word' id='word_1_392' title='bbox 1387 1352 1513 1382; x_wconf 89' lang='lat' dir='ltr'>Deinde</span> <span class='ocrx_word' id='word_1_393' title='bbox 1536 1351 1690 1390; x_wconf 86' lang='lat' dir='ltr'>leguntur</span> <span class='ocrx_word' id='word_1_394' title='bbox 1713 1358 1886 1383; x_wconf 88' lang='lat' dir='ltr'>sermones,</span> 
     </span>
     <span class='ocr_line' id='line_1_65' title="bbox 1190 1391 1886 1434; baseline -0.009 -9"><span class='ocrx_word' id='word_1_395' title='bbox 1190 1397 1241 1426; x_wconf 89' lang='lat' dir='ltr'>vel</span> <span class='ocrx_word' id='word_1_396' title='bbox 1270 1395 1422 1432; x_wconf 80' lang='lat' dir='ltr'>homiliae,</span> <span class='ocrx_word' id='word_1_397' title='bbox 1454 1395 1493 1424; x_wconf 88' lang='lat' dir='ltr'>ad</span> <span class='ocrx_word' id='word_1_398' title='bbox 1522 1394 1630 1434; x_wconf 88' lang='lat' dir='ltr'>ipsum</span> <span class='ocrx_word' id='word_1_399' title='bbox 1667 1392 1752 1421; x_wconf 87' lang='lat' dir='ltr'>diem</span> <span class='ocrx_word' id='word_1_400' title='bbox 1788 1391 1886 1430; x_wconf 85' lang='lat' dir='ltr'>perti-</span> 
     </span>
     <span class='ocr_line' id='line_1_66' title="bbox 1190 1437 1330 1477; baseline -0.021 -8"><span class='ocrx_word' id='word_1_401' title='bbox 1190 1437 1330 1477; x_wconf 70' lang='lat' dir='ltr'>nentes]</span> 
     </span>
    </p>

    <p class='ocr_par' dir='ltr' id='par_1_8' title="bbox 1193 1475 1889 1563">
     <span class='ocr_line' id='line_1_67' title="bbox 1235 1475 1889 1515; baseline -0.008 -5"><span class='ocrx_word' id='word_1_402' title='bbox 1235 1481 1248 1499; x_wconf 73' lang='lat'>‘¹</span> <span class='ocrx_word' id='word_1_403' title='bbox 1273 1481 1357 1510; x_wconf 87' lang='lat' dir='ltr'>Dist.</span> <span class='ocrx_word' id='word_1_404' title='bbox 1382 1490 1433 1509; x_wconf 79' lang='lat' dir='ltr'>xv.</span> <span class='ocrx_word' id='word_1_405' title='bbox 1457 1489 1483 1510; x_wconf 90' lang='lat' dir='ltr'>c.</span> <span class='ocrx_word' id='word_1_406' title='bbox 1511 1479 1627 1509; x_wconf 78' lang='lat' dir='ltr'>Sancta</span> <span class='ocrx_word' id='word_1_407' title='bbox 1651 1477 1810 1513; x_wconf 87' lang='lat' dir='ltr'>Romana,</span> <span class='ocrx_word' id='word_1_408' title='bbox 1834 1475 1889 1515; x_wconf 76' lang='lat' dir='ltr'>[ut</span> 
     </span>
     <span class='ocr_line' id='line_1_68' title="bbox 1193 1522 1426 1563; baseline -0.013 -9"><span class='ocrx_word' id='word_1_409' title='bbox 1193 1534 1278 1563; x_wconf 87' lang='lat' dir='ltr'>supr.</span> <span class='ocrx_word' id='word_1_410' title='bbox 1296 1527 1362 1552; x_wconf 87' lang='lat' dir='ltr'>not.</span> <span class='ocrx_word' id='word_1_411' title='bbox 1376 1522 1426 1562; x_wconf 89' lang='lat' dir='ltr'>p.]</span> 
     </span>
    </p>

    <p class='ocr_par' dir='ltr' id='par_1_9' title="bbox 1197 1561 1903 2786">
     <span class='ocr_line' id='line_1_69' title="bbox 1237 1561 1891 1599; baseline -0.009 -4"><span class='ocrx_word' id='word_1_412' title='bbox 1237 1571 1247 1583; x_wconf 78' lang='lat'>¹</span> <span class='ocrx_word' id='word_1_413' title='bbox 1271 1565 1502 1595; x_wconf 86' lang='lat' dir='ltr'>Emendatores</span> <span class='ocrx_word' id='word_1_414' title='bbox 1522 1562 1673 1599; x_wconf 88' lang='lat' dir='ltr'>Romani,</span> <span class='ocrx_word' id='word_1_415' title='bbox 1687 1562 1720 1591; x_wconf 89' lang='lat' dir='ltr'>in</span> <span class='ocrx_word' id='word_1_416' title='bbox 1742 1561 1828 1590; x_wconf 87' lang='lat' dir='ltr'>notis</span> <span class='ocrx_word' id='word_1_417' title='bbox 1850 1561 1891 1590; x_wconf 88' lang='lat' dir='ltr'>ad</span> 
     </span>
     <span class='ocr_line' id='line_1_70' title="bbox 1197 1604 1889 1642; baseline -0.009 -5"><span class='ocrx_word' id='word_1_418' title='bbox 1197 1608 1334 1638; x_wconf 87' lang='lat' dir='ltr'>eundem</span> <span class='ocrx_word' id='word_1_419' title='bbox 1371 1617 1534 1642; x_wconf 87' lang='lat' dir='ltr'>canonem,</span> <span class='ocrx_word' id='word_1_420' title='bbox 1564 1606 1649 1635; x_wconf 85' lang='lat' dir='ltr'>verb.</span> <span class='ocrx_word' id='word_1_421' title='bbox 1683 1604 1889 1634; x_wconf 76' lang='lat' dir='ltr'>Maudamus.</span> 
     </span>
     <span class='ocr_line' id='line_1_71' title="bbox 1199 1646 1888 1690; baseline -0.006 -10"><span class='ocrx_word' id='word_1_422' title='bbox 1199 1649 1366 1690; x_wconf 89' lang='lat' dir='ltr'>[Gratiani</span> <span class='ocrx_word' id='word_1_423' title='bbox 1396 1650 1536 1684; x_wconf 86' lang='lat' dir='ltr'>Decret.,</span> <span class='ocrx_word' id='word_1_424' title='bbox 1566 1648 1621 1677; x_wconf 88' lang='lat' dir='ltr'>ubi</span> <span class='ocrx_word' id='word_1_425' title='bbox 1651 1657 1757 1686; x_wconf 84' lang='lat' dir='ltr'>supr.;</span> <span class='ocrx_word' id='word_1_426' title='bbox 1794 1646 1888 1685; x_wconf 86' lang='lat' dir='ltr'>Corp.</span> 
     </span>
     <span class='ocr_line' id='line_1_72' title="bbox 1197 1688 1891 1727; baseline -0.009 -5"><span class='ocrx_word' id='word_1_427' title='bbox 1197 1694 1265 1722; x_wconf 86' lang='lat' dir='ltr'>Jur.</span> <span class='ocrx_word' id='word_1_428' title='bbox 1292 1693 1382 1727; x_wconf 64' lang='lat' dir='ltr'>Can„</span> <span class='ocrx_word' id='word_1_429' title='bbox 1407 1696 1484 1721; x_wconf 85' lang='lat' dir='ltr'>tom.</span> <span class='ocrx_word' id='word_1_430' title='bbox 1507 1691 1526 1720; x_wconf 91' lang='lat' dir='ltr'>i.</span> <span class='ocrx_word' id='word_1_431' title='bbox 1551 1690 1609 1720; x_wconf 87' lang='lat' dir='ltr'>col.</span> <span class='ocrx_word' id='word_1_432' title='bbox 1636 1688 1809 1719; x_wconf 80' lang='lat' dir='ltr'>63.-—Post</span> <span class='ocrx_word' id='word_1_433' title='bbox 1832 1689 1891 1717; x_wconf 89' lang='lat' dir='ltr'>hoc</span> 
     </span>
     <span class='ocr_line' id='line_1_73' title="bbox 1198 1731 1892 1769; baseline -0.01 -4"><span class='ocrx_word' id='word_1_434' title='bbox 1198 1736 1332 1765; x_wconf 84' lang='lat' dir='ltr'>verbum</span> <span class='ocrx_word' id='word_1_435' title='bbox 1362 1735 1395 1763; x_wconf 92' lang='lat' dir='ltr'>in</span> <span class='ocrx_word' id='word_1_436' title='bbox 1430 1734 1555 1763; x_wconf 82' lang='lat' dir='ltr'>decreto</span> <span class='ocrx_word' id='word_1_437' title='bbox 1586 1731 1709 1762; x_wconf 87' lang='lat' dir='ltr'>Gelasii</span> <span class='ocrx_word' id='word_1_438' title='bbox 1746 1731 1892 1769; x_wconf 83' lang='lat' dir='ltr'>sequitur</span> 
     </span>
     <span class='ocr_line' id='line_1_74' title="bbox 1199 1773 1890 1814; baseline -0.009 -7"><span class='ocrx_word' id='word_1_439' title='bbox 1199 1778 1413 1807; x_wconf 85' lang='lat' dir='ltr'>continenter:</span> <span class='ocrx_word' id='word_1_440' title='bbox 1432 1779 1439 1792; x_wconf 82' lang='lat'>‘</span> <span class='ocrx_word' id='word_1_441' title='bbox 1452 1776 1536 1805; x_wconf 90' lang='lat' dir='ltr'>Item</span> <span class='ocrx_word' id='word_1_442' title='bbox 1553 1774 1709 1814; x_wconf 85' lang='lat' dir='ltr'>opuscula</span> <span class='ocrx_word' id='word_1_443' title='bbox 1724 1773 1807 1802; x_wconf 77' lang='lat' dir='ltr'>beati</span> <span class='ocrx_word' id='word_1_444' title='bbox 1825 1773 1890 1812; x_wconf 87' lang='lat' dir='ltr'>Cy-</span> 
     </span>
     <span class='ocr_line' id='line_1_75' title="bbox 1198 1816 1893 1860; baseline -0.009 -11"><span class='ocrx_word' id='word_1_445' title='bbox 1198 1820 1322 1860; x_wconf 88' lang='lat' dir='ltr'>priani,⁷</span> <span class='ocrx_word' id='word_1_446' title='bbox 1356 1821 1412 1849; x_wconf 66' lang='grc' dir='ltr'>δερ.</span> <span class='ocrx_word' id='word_1_447' title='bbox 1435 1841 1442 1849; x_wconf 94' lang='grc'><strong>.</strong></span> <span class='ocrx_word' id='word_1_448' title='bbox 1519 1818 1581 1846; x_wconf 79' lang='lat' dir='ltr'>Sed</span> <span class='ocrx_word' id='word_1_449' title='bbox 1613 1816 1832 1851; x_wconf 85' lang='lat' dir='ltr'>Burchardus,</span> <span class='ocrx_word' id='word_1_450' title='bbox 1863 1819 1893 1844; x_wconf 85' lang='lat' dir='ltr'>et</span> 
     </span>
     <span class='ocr_line' id='line_1_76' title="bbox 1200 1857 1892 1898; baseline -0.009 -6"><span class='ocrx_word' id='word_1_451' title='bbox 1200 1863 1268 1898; x_wconf 83' lang='lat' dir='ltr'>Ivo,</span> <span class='ocrx_word' id='word_1_452' title='bbox 1292 1867 1322 1892; x_wconf 90' lang='lat' dir='ltr'>et</span> <span class='ocrx_word' id='word_1_453' title='bbox 1344 1861 1547 1896; x_wconf 85' lang='lat' dir='ltr'>Pannormia,</span> <span class='ocrx_word' id='word_1_454' title='bbox 1572 1860 1690 1889; x_wconf 87' lang='lat' dir='ltr'>habent</span> <span class='ocrx_word' id='word_1_455' title='bbox 1718 1862 1754 1888; x_wconf 85' lang='lat' dir='ltr'>ut</span> <span class='ocrx_word' id='word_1_456' title='bbox 1782 1857 1892 1887; x_wconf 88' lang='lat' dir='ltr'>Grati-</span> 
     </span>
     <span class='ocr_line' id='line_1_77' title="bbox 1199 1900 1895 1943; baseline -0.007 -9"><span class='ocrx_word' id='word_1_457' title='bbox 1199 1904 1307 1943; x_wconf 72' lang='lat' dir='ltr'>anus]</span> <span class='ocrx_word' id='word_1_458' title='bbox 1358 1904 1403 1933; x_wconf 90' lang='lat' dir='ltr'>Ac</span> <span class='ocrx_word' id='word_1_459' title='bbox 1421 1908 1504 1933; x_wconf 86' lang='lat' dir='ltr'>certe</span> <span class='ocrx_word' id='word_1_460' title='bbox 1520 1903 1552 1932; x_wconf 92' lang='lat' dir='ltr'>in</span> <span class='ocrx_word' id='word_1_461' title='bbox 1571 1906 1634 1931; x_wconf 90' lang='lat' dir='ltr'>toto</span> <span class='ocrx_word' id='word_1_462' title='bbox 1648 1902 1708 1931; x_wconf 88' lang='lat' dir='ltr'>hoc</span> <span class='ocrx_word' id='word_1_463' title='bbox 1725 1900 1828 1940; x_wconf 87' lang='lat' dir='ltr'>capite</span> <span class='ocrx_word' id='word_1_464' title='bbox 1847 1904 1895 1929; x_wconf 86' lang='lat' dir='ltr'>tot</span> 
     </span>
     <span class='ocr_line' id='line_1_78' title="bbox 1199 1943 1894 1986; baseline -0.007 -10"><span class='ocrx_word' id='word_1_465' title='bbox 1199 1947 1302 1977; x_wconf 89' lang='lat' dir='ltr'>modis</span> <span class='ocrx_word' id='word_1_466' title='bbox 1325 1947 1507 1986; x_wconf 86' lang='lat' dir='ltr'>discrepant</span> <span class='ocrx_word' id='word_1_467' title='bbox 1534 1944 1737 1975; x_wconf 82' lang='lat' dir='ltr'>collectiones</span> <span class='ocrx_word' id='word_1_468' title='bbox 1765 1943 1803 1972; x_wconf 84' lang='lat' dir='ltr'>ab</span> <span class='ocrx_word' id='word_1_469' title='bbox 1831 1943 1894 1971; x_wconf 86' lang='lat' dir='ltr'>ori-</span> 
     </span>
     <span class='ocr_line' id='line_1_79' title="bbox 1200 1985 1894 2029; baseline -0.009 -10"><span class='ocrx_word' id='word_1_470' title='bbox 1200 1990 1310 2029; x_wconf 85' lang='lat' dir='ltr'>ginali,</span> <span class='ocrx_word' id='word_1_471' title='bbox 1327 1993 1362 2018; x_wconf 91' lang='lat' dir='ltr'>ut</span> <span class='ocrx_word' id='word_1_472' title='bbox 1385 1989 1461 2018; x_wconf 86' lang='lat' dir='ltr'>satis</span> <span class='ocrx_word' id='word_1_473' title='bbox 1485 1993 1569 2017; x_wconf 88' lang='lat' dir='ltr'>certo</span> <span class='ocrx_word' id='word_1_474' title='bbox 1593 1987 1690 2016; x_wconf 87' lang='lat' dir='ltr'>statui</span> <span class='ocrx_word' id='word_1_475' title='bbox 1706 1996 1769 2015; x_wconf 89' lang='lat' dir='ltr'>non</span> <span class='ocrx_word' id='word_1_476' title='bbox 1786 1985 1894 2024; x_wconf 83' lang='lat' dir='ltr'>possit,</span> 
     </span>
     <span class='ocr_line' id='line_1_80' title="bbox 1202 2028 1893 2072; baseline -0.009 -11"><span class='ocrx_word' id='word_1_477' title='bbox 1202 2043 1273 2072; x_wconf 84' lang='lat' dir='ltr'>quae</span> <span class='ocrx_word' id='word_1_478' title='bbox 1299 2042 1374 2061; x_wconf 83' lang='lat' dir='ltr'>vera</span> <span class='ocrx_word' id='word_1_479' title='bbox 1403 2035 1433 2061; x_wconf 87' lang='lat' dir='ltr'>et</span> <span class='ocrx_word' id='word_1_480' title='bbox 1458 2040 1539 2070; x_wconf 88' lang='lat' dir='ltr'>pura</span> <span class='ocrx_word' id='word_1_481' title='bbox 1563 2030 1603 2059; x_wconf 89' lang='lat' dir='ltr'>sit</span> <span class='ocrx_word' id='word_1_482' title='bbox 1629 2028 1750 2058; x_wconf 89' lang='lat' dir='ltr'>Gelasii</span> <span class='ocrx_word' id='word_1_483' title='bbox 1780 2028 1893 2062; x_wconf 81' lang='lat' dir='ltr'>lecti03</span> 
     </span>
     <span class='ocr_line' id='line_1_81' title="bbox 1201 2070 1897 2114; baseline -0.009 -10"><span class='ocrx_word' id='word_1_484' title='bbox 1201 2085 1259 2104; x_wconf 86' lang='lat' dir='ltr'>nec</span> <span class='ocrx_word' id='word_1_485' title='bbox 1282 2084 1476 2114; x_wconf 84' lang='lat' dir='ltr'>magnopere</span> <span class='ocrx_word' id='word_1_486' title='bbox 1500 2073 1540 2102; x_wconf 85' lang='lat' dir='ltr'>sit</span> <span class='ocrx_word' id='word_1_487' title='bbox 1563 2072 1757 2106; x_wconf 84' lang='lat' dir='ltr'>mirandum,</span> <span class='ocrx_word' id='word_1_488' title='bbox 1775 2070 1801 2099; x_wconf 93' lang='lat' dir='ltr'>si</span> <span class='ocrx_word' id='word_1_489' title='bbox 1818 2080 1897 2099; x_wconf 90' lang='lat' dir='ltr'>non-</span> 
     </span>
     <span class='ocr_line' id='line_1_82' title="bbox 1202 2112 1896 2155; baseline -0.007 -9"><span class='ocrx_word' id='word_1_490' title='bbox 1202 2117 1292 2147; x_wconf 84' lang='lat' dir='ltr'>nulla</span> <span class='ocrx_word' id='word_1_491' title='bbox 1322 2118 1385 2146; x_wconf 89' lang='lat' dir='ltr'>sint</span> <span class='ocrx_word' id='word_1_492' title='bbox 1415 2126 1487 2155; x_wconf 78' lang='lat' dir='ltr'>quae</span> <span class='ocrx_word' id='word_1_493' title='bbox 1514 2114 1737 2144; x_wconf 85' lang='lat' dir='ltr'>difficultatem</span> <span class='ocrx_word' id='word_1_494' title='bbox 1763 2112 1896 2142; x_wconf 84' lang='lat' dir='ltr'>faciunt.</span> 
     </span>
     <span class='ocr_line' id='line_1_83' title="bbox 1204 2155 1897 2198; baseline -0.009 -9"><span class='ocrx_word' id='word_1_495' title='bbox 1204 2159 1445 2198; x_wconf 83' lang='lat' dir='ltr'>[Quamobrem</span> <span class='ocrx_word' id='word_1_496' title='bbox 1482 2168 1553 2196; x_wconf 81' lang='lat' dir='ltr'>quae</span> <span class='ocrx_word' id='word_1_497' title='bbox 1592 2157 1712 2186; x_wconf 73' lang='lat' dir='ltr'>auxilio</span> <span class='ocrx_word' id='word_1_498' title='bbox 1749 2155 1897 2184; x_wconf 90' lang='lat' dir='ltr'>codicum</span> 
     </span>
     <span class='ocr_line' id='line_1_84' title="bbox 1202 2201 1897 2240; baseline -0.009 -8"><span class='ocrx_word' id='word_1_499' title='bbox 1202 2206 1271 2232; x_wconf 88' lang='lat' dir='ltr'>tuto</span> <span class='ocrx_word' id='word_1_500' title='bbox 1287 2201 1447 2232; x_wconf 85' lang='lat' dir='ltr'>emendari</span> <span class='ocrx_word' id='word_1_501' title='bbox 1461 2204 1615 2240; x_wconf 83' lang='lat' dir='ltr'>poterant,</span> <span class='ocrx_word' id='word_1_502' title='bbox 1633 2209 1669 2228; x_wconf 89' lang='lat' dir='ltr'>ea</span> <span class='ocrx_word' id='word_1_503' title='bbox 1692 2202 1767 2227; x_wconf 90' lang='lat' dir='ltr'>sunt</span> <span class='ocrx_word' id='word_1_504' title='bbox 1789 2207 1897 2226; x_wconf 87' lang='lat' dir='ltr'>emen-</span> 
     </span>
     <span class='ocr_line' id='line_1_85' title="bbox 1204 2240 1896 2283; baseline -0.009 -9"><span class='ocrx_word' id='word_1_505' title='bbox 1204 2245 1296 2279; x_wconf 76' lang='lat' dir='ltr'>data3</span> <span class='ocrx_word' id='word_1_506' title='bbox 1321 2243 1544 2283; x_wconf 83' lang='lat' dir='ltr'>&amp;c.]—Item,</span> <span class='ocrx_word' id='word_1_507' title='bbox 1563 2243 1601 2271; x_wconf 88' lang='lat' dir='ltr'>ad</span> <span class='ocrx_word' id='word_1_508' title='bbox 1619 2241 1702 2270; x_wconf 86' lang='lat' dir='ltr'>verb.</span> <span class='ocrx_word' id='word_1_509' title='bbox 1723 2240 1896 2269; x_wconf 86' lang='lat' dir='ltr'>Caeterum.</span> 
     </span>
     <span class='ocr_line' id='line_1_86' title="bbox 1203 2283 1898 2325; baseline -0.01 -8"><span class='ocrx_word' id='word_1_510' title='bbox 1203 2287 1335 2316; x_wconf 84' lang='lat' dir='ltr'>——Hinc</span> <span class='ocrx_word' id='word_1_511' title='bbox 1358 2296 1460 2325; x_wconf 90' lang='lat' dir='ltr'>usque</span> <span class='ocrx_word' id='word_1_512' title='bbox 1484 2286 1522 2314; x_wconf 88' lang='lat' dir='ltr'>ad</span> <span class='ocrx_word' id='word_1_513' title='bbox 1550 2285 1656 2319; x_wconf 88' lang='lat' dir='ltr'>finem,</span> <span class='ocrx_word' id='word_1_514' title='bbox 1690 2283 1761 2321; x_wconf 89' lang='lat' dir='ltr'>(ubi</span> <span class='ocrx_word' id='word_1_515' title='bbox 1790 2291 1898 2311; x_wconf 88' lang='lat' dir='ltr'>recen-</span> 
     </span>
     <span class='ocr_line' id='line_1_87' title="bbox 1206 2324 1897 2367; baseline -0.009 -9"><span class='ocrx_word' id='word_1_516' title='bbox 1206 2333 1314 2358; x_wconf 84' lang='lat' dir='ltr'>sentur</span> <span class='ocrx_word' id='word_1_517' title='bbox 1329 2329 1401 2357; x_wconf 91' lang='lat' dir='ltr'>libri</span> <span class='ocrx_word' id='word_1_518' title='bbox 1423 2327 1595 2367; x_wconf 79' lang='lat' dir='ltr'>Scripturae</span> <span class='ocrx_word' id='word_1_519' title='bbox 1613 2325 1766 2361; x_wconf 89' lang='lat' dir='ltr'>canonici,</span> <span class='ocrx_word' id='word_1_520' title='bbox 1783 2328 1814 2353; x_wconf 90' lang='lat' dir='ltr'>et</span> <span class='ocrx_word' id='word_1_521' title='bbox 1833 2324 1897 2353; x_wconf 88' lang='lat' dir='ltr'>Ec-</span> 
     </span>
     <span class='ocr_line' id='line_1_88' title="bbox 1205 2367 1899 2406; baseline -0.007 -6"><span class='ocrx_word' id='word_1_522' title='bbox 1205 2371 1374 2400; x_wconf 85' lang='lat' dir='ltr'>clesiastici</span> <span class='ocrx_word' id='word_1_523' title='bbox 1398 2370 1513 2399; x_wconf 88' lang='lat' dir='ltr'>iisdem</span> <span class='ocrx_word' id='word_1_524' title='bbox 1535 2368 1688 2404; x_wconf 85' lang='lat' dir='ltr'>immixti,</span> <span class='ocrx_word' id='word_1_525' title='bbox 1706 2367 1795 2406; x_wconf 83' lang='lat' dir='ltr'>[vid.</span> <span class='ocrx_word' id='word_1_526' title='bbox 1813 2376 1899 2405; x_wconf 87' lang='lat' dir='ltr'>supr.</span> 
     </span>
     <span class='ocr_line' id='line_1_89' title="bbox 1206 2409 1901 2451; baseline -0.006 -10"><span class='ocrx_word' id='word_1_527' title='bbox 1206 2418 1267 2441; x_wconf 90' lang='lat' dir='ltr'>not.</span> <span class='ocrx_word' id='word_1_528' title='bbox 1296 2413 1335 2441; x_wconf 90' lang='lat' dir='ltr'>ad</span> <span class='ocrx_word' id='word_1_529' title='bbox 1361 2412 1408 2441; x_wconf 87' lang='lat' dir='ltr'>lit.</span> <span class='ocrx_word' id='word_1_530' title='bbox 1429 2412 1497 2451; x_wconf 89' lang='lat' dir='ltr'>p.])</span> <span class='ocrx_word' id='word_1_531' title='bbox 1524 2421 1629 2449; x_wconf 88' lang='lat' dir='ltr'>neque</span> <span class='ocrx_word' id='word_1_532' title='bbox 1651 2411 1685 2439; x_wconf 89' lang='lat' dir='ltr'>in</span> <span class='ocrx_word' id='word_1_533' title='bbox 1715 2409 1901 2438; x_wconf 88' lang='lat' dir='ltr'>collectione</span> 
     </span>
     <span class='ocr_line' id='line_1_90' title="bbox 1207 2451 1901 2492; baseline -0.006 -9"><span class='ocrx_word' id='word_1_534' title='bbox 1207 2454 1334 2489; x_wconf 86' lang='lat' dir='ltr'>Isidori,</span> <span class='ocrx_word' id='word_1_535' title='bbox 1365 2464 1469 2492; x_wconf 87' lang='lat' dir='ltr'>neque</span> <span class='ocrx_word' id='word_1_536' title='bbox 1500 2454 1532 2482; x_wconf 87' lang='lat' dir='ltr'>in</span> <span class='ocrx_word' id='word_1_537' title='bbox 1567 2452 1634 2481; x_wconf 86' lang='lat' dir='ltr'>ullo</span> <span class='ocrx_word' id='word_1_538' title='bbox 1670 2453 1763 2481; x_wconf 72' lang='lat' dir='ltr'>veteri</span> <span class='ocrx_word' id='word_1_539' title='bbox 1793 2451 1901 2480; x_wconf 83' lang='lat' dir='ltr'>codice</span> 
     </span>
     <span class='ocr_line' id='line_1_91' title="bbox 1208 2493 1900 2533; baseline -0.004 -9"><span class='ocrx_word' id='word_1_540' title='bbox 1208 2496 1365 2531; x_wconf 80' lang='lat' dir='ltr'>Gratiani,</span> <span class='ocrx_word' id='word_1_541' title='bbox 1382 2506 1490 2524; x_wconf 86' lang='lat' dir='ltr'>eorum</span> <span class='ocrx_word' id='word_1_542' title='bbox 1516 2505 1588 2533; x_wconf 78' lang='lat' dir='ltr'>quae</span> <span class='ocrx_word' id='word_1_543' title='bbox 1613 2494 1728 2523; x_wconf 86' lang='lat' dir='ltr'>collata</span> <span class='ocrx_word' id='word_1_544' title='bbox 1751 2497 1836 2527; x_wconf 88' lang='lat' dir='ltr'>sunt,</span> <span class='ocrx_word' id='word_1_545' title='bbox 1850 2493 1900 2521; x_wconf 88' lang='lat' dir='ltr'>in-</span> 
     </span>
     <span class='ocr_line' id='line_1_92' title="bbox 1206 2534 1901 2575; baseline -0.007 -8"><span class='ocrx_word' id='word_1_546' title='bbox 1206 2538 1389 2567; x_wconf 83' lang='lat' dir='ltr'>veniuntur.</span> <span class='ocrx_word' id='word_1_547' title='bbox 1441 2536 1526 2575; x_wconf 89' lang='lat' dir='ltr'>[The</span> <span class='ocrx_word' id='word_1_548' title='bbox 1549 2546 1682 2574; x_wconf 78' lang='lat' dir='ltr'>passage</span> <span class='ocrx_word' id='word_1_549' title='bbox 1704 2535 1737 2564; x_wconf 89' lang='lat' dir='ltr'>in</span> <span class='ocrx_word' id='word_1_550' title='bbox 1755 2534 1901 2573; x_wconf 85' lang='lat' dir='ltr'>question</span> 
     </span>
     <span class='ocr_line' id='line_1_93' title="bbox 1206 2576 1902 2617; baseline -0.006 -9"><span class='ocrx_word' id='word_1_551' title='bbox 1206 2580 1233 2608; x_wconf 88' lang='lat' dir='ltr'>is</span> <span class='ocrx_word' id='word_1_552' title='bbox 1252 2580 1361 2615; x_wconf 86' lang='lat' dir='ltr'>found,</span> <span class='ocrx_word' id='word_1_553' title='bbox 1377 2583 1432 2608; x_wconf 92' lang='lat' dir='ltr'>not</span> <span class='ocrx_word' id='word_1_554' title='bbox 1447 2578 1523 2617; x_wconf 90' lang='lat' dir='ltr'>only</span> <span class='ocrx_word' id='word_1_555' title='bbox 1538 2578 1570 2606; x_wconf 91' lang='lat' dir='ltr'>in</span> <span class='ocrx_word' id='word_1_556' title='bbox 1587 2578 1640 2606; x_wconf 84' lang='lat' dir='ltr'>the</span> <span class='ocrx_word' id='word_1_557' title='bbox 1656 2577 1727 2605; x_wconf 84' lang='lat' dir='ltr'>Par.</span> <span class='ocrx_word' id='word_1_558' title='bbox 1742 2577 1790 2605; x_wconf 35' lang='lat' dir='ltr'>ed,</span> <span class='ocrx_word' id='word_1_559' title='bbox 1808 2576 1902 2611; x_wconf 85' lang='lat'>1612,</span> 
     </span>
     <span class='ocr_line' id='line_1_94' title="bbox 1206 2618 1902 2658; baseline -0.006 -8"><span class='ocrx_word' id='word_1_560' title='bbox 1206 2622 1281 2650; x_wconf 85' lang='lat' dir='ltr'>here</span> <span class='ocrx_word' id='word_1_561' title='bbox 1307 2622 1392 2656; x_wconf 87' lang='lat' dir='ltr'>used,</span> <span class='ocrx_word' id='word_1_562' title='bbox 1419 2620 1471 2658; x_wconf 88' lang='lat' dir='ltr'>(ut</span> <span class='ocrx_word' id='word_1_563' title='bbox 1494 2629 1579 2658; x_wconf 84' lang='lat' dir='ltr'>supr.</span> <span class='ocrx_word' id='word_1_564' title='bbox 1604 2624 1668 2647; x_wconf 90' lang='lat' dir='ltr'>not.</span> <span class='ocrx_word' id='word_1_565' title='bbox 1687 2618 1734 2657; x_wconf 85' lang='lat' dir='ltr'>p,)</span> <span class='ocrx_word' id='word_1_566' title='bbox 1753 2618 1811 2646; x_wconf 91' lang='lat' dir='ltr'>but</span> <span class='ocrx_word' id='word_1_567' title='bbox 1834 2618 1902 2647; x_wconf 85' lang='lat' dir='ltr'>also</span> 
     </span>
     <span class='ocr_line' id='line_1_95' title="bbox 1208 2659 1903 2701; baseline -0.007 -9"><span class='ocrx_word' id='word_1_568' title='bbox 1208 2663 1241 2692; x_wconf 90' lang='lat' dir='ltr'>in</span> <span class='ocrx_word' id='word_1_569' title='bbox 1258 2663 1310 2692; x_wconf 83' lang='lat' dir='ltr'>the</span> <span class='ocrx_word' id='word_1_570' title='bbox 1328 2663 1433 2701; x_wconf 86' lang='lat' dir='ltr'>Lugd.</span> <span class='ocrx_word' id='word_1_571' title='bbox 1452 2663 1498 2692; x_wconf 88' lang='lat' dir='ltr'>ed.</span> <span class='ocrx_word' id='word_1_572' title='bbox 1523 2660 1612 2691; x_wconf 80' lang='lat'>1572.</span> <span class='ocrx_word' id='word_1_573' title='bbox 1662 2661 1699 2689; x_wconf 83' lang='lat' dir='ltr'>In</span> <span class='ocrx_word' id='word_1_574' title='bbox 1722 2660 1775 2689; x_wconf 87' lang='lat' dir='ltr'>the</span> <span class='ocrx_word' id='word_1_575' title='bbox 1790 2659 1903 2688; x_wconf 87' lang='lat' dir='ltr'>earlier</span> 
     </span>
     <span class='ocr_line' id='line_1_96' title="bbox 1210 2702 1902 2740; baseline -0.006 -6"><span class='ocrx_word' id='word_1_576' title='bbox 1210 2705 1339 2740; x_wconf 88' lang='lat' dir='ltr'>edition,</span> <span class='ocrx_word' id='word_1_577' title='bbox 1365 2707 1427 2734; x_wconf 81' lang='lat' dir='ltr'>4t0.</span> <span class='ocrx_word' id='word_1_578' title='bbox 1457 2703 1554 2733; x_wconf 86' lang='lat' dir='ltr'>Basil.</span> <span class='ocrx_word' id='word_1_579' title='bbox 1586 2704 1678 2738; x_wconf 83' lang='lat'>1500,</span> <span class='ocrx_word' id='word_1_580' title='bbox 1704 2702 1730 2731; x_wconf 89' lang='lat' dir='ltr'>it</span> <span class='ocrx_word' id='word_1_581' title='bbox 1751 2702 1824 2731; x_wconf 82' lang='lat' dir='ltr'>does</span> <span class='ocrx_word' id='word_1_582' title='bbox 1851 2706 1902 2731; x_wconf 76' lang='lat' dir='ltr'>not</span> 
     </span>
     <span class='ocr_line' id='line_1_97' title="bbox 1211 2746 1332 2786; baseline -0.017 -8"><span class='ocrx_word' id='word_1_583' title='bbox 1211 2746 1332 2786; x_wconf 90' lang='lat' dir='ltr'>occur.]</span> 
     </span>
    </p>

    <p class='ocr_par' dir='ltr' id='par_1_10' title="bbox 1210 2785 1904 3040">
     <span class='ocr_line' id='line_1_98' title="bbox 1253 2785 1903 2825; baseline -0.008 -6"><span class='ocrx_word' id='word_1_584' title='bbox 1253 2793 1264 2807; x_wconf 56' lang='grc' dir='ltr'>ὃ</span> <span class='ocrx_word' id='word_1_585' title='bbox 1288 2790 1414 2819; x_wconf 84' lang='lat' dir='ltr'>Decret.</span> <span class='ocrx_word' id='word_1_586' title='bbox 1441 2787 1563 2817; x_wconf 88' lang='lat' dir='ltr'>Gelasii</span> <span class='ocrx_word' id='word_1_587' title='bbox 1588 2787 1618 2816; x_wconf 92' lang='lat' dir='ltr'>in</span> <span class='ocrx_word' id='word_1_588' title='bbox 1650 2786 1778 2825; x_wconf 86' lang='lat' dir='ltr'>Synodo</span> <span class='ocrx_word' id='word_1_589' title='bbox 1806 2785 1903 2815; x_wconf 89' lang='lat' dir='ltr'>LXX</span> 
     </span>
     <span class='ocr_line' id='line_1_99' title="bbox 1212 2827 1902 2871; baseline -0.009 -9"><span class='ocrx_word' id='word_1_590' title='bbox 1212 2832 1408 2871; x_wconf 90' lang='lat' dir='ltr'>Ep.—Ordo</span> <span class='ocrx_word' id='word_1_591' title='bbox 1444 2830 1597 2859; x_wconf 88' lang='lat' dir='ltr'>librorum</span> <span class='ocrx_word' id='word_1_592' title='bbox 1627 2829 1752 2858; x_wconf 88' lang='lat' dir='ltr'>Veteris</span> <span class='ocrx_word' id='word_1_593' title='bbox 1790 2827 1902 2857; x_wconf 85' lang='lat' dir='ltr'>Testa-</span> 
     </span>
     <span class='ocr_line' id='line_1_100' title="bbox 1211 2870 1904 2912; baseline -0.006 -9"><span class='ocrx_word' id='word_1_594' title='bbox 1211 2873 1320 2909; x_wconf 87' lang='lat' dir='ltr'>menti,</span> <span class='ocrx_word' id='word_1_595' title='bbox 1343 2873 1455 2912; x_wconf 90' lang='lat' dir='ltr'>[quem</span> <span class='ocrx_word' id='word_1_596' title='bbox 1479 2876 1587 2901; x_wconf 84' lang='lat' dir='ltr'>sancta</span> <span class='ocrx_word' id='word_1_597' title='bbox 1610 2876 1640 2900; x_wconf 88' lang='lat' dir='ltr'>et</span> <span class='ocrx_word' id='word_1_598' title='bbox 1663 2870 1819 2900; x_wconf 85' lang='lat' dir='ltr'>catholica</span> <span class='ocrx_word' id='word_1_599' title='bbox 1840 2870 1904 2899; x_wconf 84' lang='lat' dir='ltr'>Ro-</span> 
     </span>
     <span class='ocr_line' id='line_1_101' title="bbox 1211 2912 1902 2954; baseline -0.009 -8"><span class='ocrx_word' id='word_1_600' title='bbox 1211 2926 1308 2946; x_wconf 84' lang='lat' dir='ltr'>mana</span> <span class='ocrx_word' id='word_1_601' title='bbox 1330 2914 1463 2954; x_wconf 86' lang='lat' dir='ltr'>suscipit</span> <span class='ocrx_word' id='word_1_602' title='bbox 1489 2919 1519 2944; x_wconf 89' lang='lat' dir='ltr'>et</span> <span class='ocrx_word' id='word_1_603' title='bbox 1543 2918 1711 2944; x_wconf 87' lang='lat' dir='ltr'>veneratur</span> <span class='ocrx_word' id='word_1_604' title='bbox 1737 2912 1902 2946; x_wconf 76' lang='lat' dir='ltr'>Ecclesia3</span> 
     </span>
     <span class='ocr_line' id='line_1_102' title="bbox 1212 2954 1902 2992; baseline -0.007 -4"><span class='ocrx_word' id='word_1_605' title='bbox 1212 2957 1436 2988; x_wconf 61' lang='grc' dir='ltr'><strong>δια-0011011.</strong></span> <span class='ocrx_word' id='word_1_606' title='bbox 1452 2957 1570 2992; x_wconf 83' lang='lat' dir='ltr'>Labbe,</span> <span class='ocrx_word' id='word_1_607' title='bbox 1588 2960 1662 2986; x_wconf 89' lang='lat' dir='ltr'>tom.</span> <span class='ocrx_word' id='word_1_608' title='bbox 1676 2956 1716 2986; x_wconf 89' lang='lat' dir='ltr'>iv.</span> <span class='ocrx_word' id='word_1_609' title='bbox 1729 2955 1787 2985; x_wconf 87' lang='lat' dir='ltr'>eol.</span> <span class='ocrx_word' id='word_1_610' title='bbox 1808 2954 1902 2988; x_wconf 86' lang='lat'>1260,</span> 
     </span>
     <span class='ocr_line' id='line_1_103' title="bbox 1210 2997 1644 3040; baseline -0.009 -9"><span class='ocrx_word' id='word_1_611' title='bbox 1210 3005 1247 3031; x_wconf 89' lang='lat' dir='ltr'>ut</span> <span class='ocrx_word' id='word_1_612' title='bbox 1263 3010 1347 3040; x_wconf 83' lang='lat' dir='ltr'>supr.</span> <span class='ocrx_word' id='word_1_613' title='bbox 1363 3010 1395 3040; x_wconf 91' lang='lat' dir='ltr'>p.</span> <span class='ocrx_word' id='word_1_614' title='bbox 1415 2999 1485 3036; x_wconf 87' lang='lat'>162,</span> <span class='ocrx_word' id='word_1_615' title='bbox 1502 3003 1567 3028; x_wconf 91' lang='lat' dir='ltr'>not.</span> <span class='ocrx_word' id='word_1_616' title='bbox 1583 2997 1644 3038; x_wconf 89' lang='lat' dir='ltr'>m.]</span> 
     </span>
    </p>
   </div>
  </div>
 </body>
</html>
