1987 3244
427 231 511 271 272
858 229 898 267 Α
921 229 1195 269 δεΙιοίαείὶεαί
1214 228 1386 281 His-lory
1409 228 1457 281 of

382 364 390 373 .
425 349 525 388 very
542 333 671 388 ready
687 338 730 374 to
752 339 943 388 promote
964 335 1039 375 the
1060 334 1213 387 Pope's
1236 335 1405 384 service,
1421 335 1505 375 had
1526 334 1650 375 order
1662 334 1771 375 from
1791 334 1881 374 him

427 411 468 444 to
508 403 561 443 be
597 402 716 443 there
755 402 855 443 with
889 403 962 443 the
995 403 1098 442 first.
1162 402 1244 442 For
1277 402 1342 443 his
1381 403 1515 444 desire
1553 417 1646 453 waS,
1681 403 1775 443 that
1807 402 1880 442 the

427 470 592 511 council
617 470 767 510 should
797 469 925 522 begin
959 469 1059 509 with
1087 483 1131 509 as
1163 469 1242 509 few
1269 484 1312 510 as
1342 471 1482 523 might
1510 470 1575 520 be,
1599 470 1683 510 and
1713 470 1814 523 they
1835 475 1880 510 to

426 539 616 591 regulate
647 539 721 578 the
750 542 836 578 rest
862 538 956 577 that
986 538 1103 577 came
1133 537 1253 577 after.
1317 537 1371 577 In
1403 538 1526 579 order
1551 538 1797 578 whereunto
1827 537 1881 578 he

427 611 521 646 sent
553 606 617 645 his
648 605 767 655 brief,
790 605 874 644 and
902 619 1003 657 gave
1035 605 1099 644 his
1130 605 1290 657 legates
1319 620 1343 645 a
1373 606 1545 660 faculty,
1574 611 1619 646 to
1647 604 1811 658 preside
1835 604 1882 644 in

425 674 500 714 the
540 673 706 713 council
740 673 877 712 under
917 673 981 712 his
1014 686 1139 712 name
1173 673 1258 712 and
1298 673 1692 727 authority,—with
1729 671 1882 725 special

427 742 666 791 directions,
688 747 764 781 not
784 746 829 782 to
852 741 980 781 suffer
1001 756 1083 795 any
1106 741 1231 794 thing
1252 747 1296 782 to
1318 741 1370 782 be
1392 743 1598 795 proposed
1619 742 1703 782 and
1724 741 1882 782 offered

426 811 546 852 there
576 816 620 851 to
651 810 794 863 public
825 809 991 859 debate,
1024 810 1161 850 which
1191 809 1275 850 had
1307 815 1385 850 not
1416 811 1507 850 first
1539 810 1647 851 been
1677 810 1882 863 privately

427 878 634 931 approved
666 878 722 931 by
757 878 1023 927 themselves,
1060 891 1137 917 nor
1173 892 1255 931 any
1290 878 1414 931 thing
1450 883 1494 919 to
1531 878 1582 918 be
1617 883 1695 932 put
1730 883 1775 918 to
1808 877 1881 917 the

428 947 623 1000 question
654 947 737 987 and
770 946 951 996 defined,
975 946 1111 986 which
1136 946 1221 986 had
1246 951 1322 986 not
1354 946 1463 987 been
1493 947 1692 1000 formerly
1715 950 1809 986 sent
1837 950 1882 986 to

428 1016 576 1063 Rome,
607 1015 690 1055 and
715 1015 912 1055 assented
934 1020 976 1055 to
1007 1014 1062 1068 by
1084 1014 1173 1054 him
1187 1014 1359 1064 ⁰,—and
1381 1014 1482 1055 with
1513 1029 1663 1067 power,
1697 1015 1748 1066 (if
1772 1013 1881 1053 need

427 1096 546 1132 were,
562 1087 606 1122 to
629 1083 681 1122 do
702 1083 789 1122 him
814 1082 968 1122 service
989 1083 1034 1121 in
1054 1082 1143 1135 itd‚)
1167 1081 1305 1122 either
1325 1086 1370 1122 to
1391 1082 1522 1122 break
1542 1097 1599 1135 up
1621 1082 1694 1122 the
1716 1081 1882 1122 council

426 1150 491 1190 for
519 1150 769 1201 altogether,
792 1164 838 1190 or
866 1156 910 1190 to
939 1149 1123 1202 suspend
1155 1149 1238 1188 and
1270 1163 1478 1202 prorogue
1508 1149 1541 1189 it
1565 1149 1674 1189 from
1701 1149 1804 1188 time
1834 1152 1879 1188 to

427 1218 543 1268 time,
560 1232 606 1258 or
621 1223 664 1258 to
681 1231 849 1258 remove
871 1217 955 1258 and
978 1217 1183 1257 translate
1204 1216 1237 1256 it
1257 1216 1365 1257 from
1387 1231 1468 1257 one
1489 1217 1606 1270 place
1622 1221 1666 1257 to
1689 1216 1879 1265 another,

428 1292 471 1327 at
493 1286 604 1327 their
624 1287 839 1341 pleasure:
875 1286 1011 1327 which
1034 1299 1115 1326 was
1138 1300 1162 1326 a
1179 1285 1334 1336 device,
1350 1285 1545 1339 whereby
1563 1285 1618 1325 all
1639 1289 1878 1337 attemptse,

476 1416 487 1430 ²
513 1412 598 1441 Hist.
614 1411 711 1441 Cone.
730 1411 883 1447 Trident.‚
899 1410 952 1440 lib.
970 1410 1002 1440 ii.
1022 1409 1124 1449 [Petr.

434 1455 541 1490 Suam,
559 1455 613 1484 ubi
637 1464 723 1493 supr.
746 1465 774 1494 p.
797 1453 1021 1493 128.]—Papa
1037 1453 1123 1491 lega-

432 1501 480 1526 tos
495 1508 568 1527 suos
582 1498 716 1533 monuit,
731 1496 817 1536 [The
829 1496 929 1526 words
943 1507 1012 1526 are:
1032 1499 1038 1512 ‘
1052 1496 1126 1525 Jam

433 1540 583 1569 Pontifex
615 1563 621 1569 .
652 1562 658 1569 .
684 1563 691 1569 .
717 1540 837 1579 legatos
863 1549 936 1568 suos
964 1539 1000 1568 de
1026 1539 1127 1568 tribus

432 1583 527 1612 rebus
545 1583 720 1612 monendos
731 1582 875 1611 censuit:
903 1580 1072 1620 primum,]
1086 1591 1126 1610 ne

435 1623 486 1663 [in
502 1624 685 1664 posterum]
699 1625 862 1654 decretum
879 1623 982 1653 ullum
1000 1624 1031 1653 in
1049 1634 1124 1653 con-

435 1677 525 1696 sessu
548 1666 800 1706 promulgarent,
830 1666 1017 1705 priusquam
1044 1666 1127 1695 illud

435 1709 549 1738 Romae
584 1709 643 1738 sibi
675 1709 986 1738 communicassent:
1015 1707 1128 1747 [atque

434 1757 602 1791 utcunque
617 1752 717 1781 nimia
725 1751 888 1781 cunctatio
904 1751 935 1780 in
951 1751 1125 1790 proceden-

435 1794 474 1823 do
491 1800 575 1824 esset
591 1794 732 1830 vitanda,
750 1794 923 1823 cavendam
942 1798 1024 1823 certe
1041 1793 1125 1822 mul-

434 1841 466 1867 to
482 1837 586 1876 magis
604 1836 853 1871 festinationem,
870 1846 925 1875 per
948 1846 1044 1874 quam
1061 1836 1128 1865 fieri

434 1885 549 1919 posset,
575 1884 608 1909 ut
632 1884 662 1908 et
684 1880 721 1909 de
745 1879 839 1908 rebus
862 1889 926 1908 non
948 1879 1024 1907 satis
1051 1889 1126 1908 con-

434 1922 529 1951 sultis
557 1927 587 1952 et
610 1921 769 1952 concoctis
794 1921 915 1960 aliquid
938 1920 1126 1960 statuatur.]

436 1965 498 1994 Sed
526 1969 563 1994 ut
593 1965 745 1994 mandata
775 1964 813 1993 ab
844 1974 881 1993 eo
911 1968 1126 2003 expectarent,

433 2007 511 2047 quid
527 2007 558 2036 in
576 2007 712 2037 concilio
728 2007 979 2046 proponendum,
995 2006 1129 2035 deliber·-

433 2050 565 2084 andum,
583 2055 614 2079 et
630 2049 886 2079 concludendum
905 2054 996 2079 esset.
1045 2048 1130 2088 [The

434 2097 525 2122 exact
539 2093 642 2122 words
662 2102 734 2122 are:
761 2092 806 2122 Et
829 2096 957 2131 tempus
981 2091 1036 2120 vix
1052 2101 1127 2130 sup-

434 2139 555 2174 peteret
587 2135 626 2164 ad
653 2135 816 2170 mandata,
842 2135 879 2164 de
911 2144 946 2163 eo
979 2134 1065 2173 quod
1096 2134 1127 2163 in

434 2177 570 2206 concilio
601 2177 853 2216 proponendum,
886 2176 1129 2206 deliberandum

434 2219 757 2258 eoncludendumque
775 2224 867 2255 esset,
886 2219 992 2248 Roma
1009 2219 1127 2258 accipi-

433 2260 541 2300 enda]

477 2302 490 2320 ‘¹
517 2303 614 2333 Bulla
650 2303 745 2332 Pauli
790 2303 855 2333 III.
873 2321 914 2325 —
933 2304 1065 2333 Plenam
1098 2308 1129 2333 et

434 2345 577 2380 liberam,
623 2350 814 2385 potestatem
860 2351 890 2375 et
932 2346 1128 2383 facultatem,

433 2388 693 2427 quandocunque
718 2388 806 2417 vobis
824 2388 996 2424 videbitur,
1018 2389 1125 2417 conci-

436 2430 516 2460 lium
535 2431 572 2460 de
596 2430 723 2459 civitate
748 2430 936 2459 Tridentina
961 2430 1000 2459 ad
1024 2440 1125 2468 quan-

433 2483 562 2512 cunque
592 2473 688 2502 aliam
719 2472 976 2508 commodiorem,
1003 2472 1039 2501 de
1064 2483 1127 2511 qua

436 2515 523 2544 vobis
540 2516 636 2545 etiam
662 2515 832 2549 videbitur,
859 2514 1078 2549 transferendi,
1097 2519 1126 2543 et

435 2558 592 2593 mutandi,
611 2568 646 2586 ac
662 2557 744 2586 illud
760 2557 793 2586 in
815 2557 884 2596 ipsa
900 2556 1029 2586 civitate
1053 2556 1124 2585 Tri-

435 2600 565 2629 dentina
603 2599 823 2638 supprimendi
864 2603 894 2627 et
931 2598 1126 2628 dissolvendi

434 2642 523 2671 vobis
540 2642 752 2671 concedimus.
772 2641 862 2680 [Vid.
876 2641 961 2670 Bull.
976 2641 1010 2670 P.
1032 2640 1125 2670 Pauli

437 2683 503 2713 III.
522 2684 582 2714 dat.
599 2684 692 2713 Rom.
709 2684 775 2713 viii.
791 2683 865 2713 Kal.
878 2683 958 2713 Mar.
974 2684 1063 2718 1544,
1075 2694 1123 2722 ap.

435 2726 502 2765 Ra)
511 2726 597 2755 naldi
615 2726 732 2756 Annal.
752 2726 853 2761 Eccl.,
867 2726 1012 2756 tom.xiv.
1030 2736 1059 2765 p.
1074 2726 1122 2755 92.

435 2771 449 2807 ξ
468 2768 499 2798 ii.
523 2768 598 2798 Ext.
616 2769 647 2797 in
669 2768 738 2798 MS.
758 2768 854 2798 Arch.
870 2769 940 2798 Vat.
959 2768 1016 2807 sig.
1035 2778 1121 2799 num.

433 2811 705 2846 3232.—Paulus,
723 2811 778 2841 &c.
796 2834 802 2840 .
821 2833 827 2840 .
845 2833 852 2840 .
879 2811 928 2840 Ne
945 2816 1009 2840 tam
1030 2821 1121 2840 sanc-

432 2858 502 2883 tum
521 2853 743 2883 celebrationis
776 2853 903 2883 concilii
937 2854 1123 2893 hujusmodi

431 2906 522 2935 opus,
541 2905 579 2925 ex
602 2896 860 2925 incommoditate
875 2896 947 2933 loci,
964 2901 1020 2926 aut
1043 2896 1122 2926 alias

432 2938 546 2977 quovis
584 2939 688 2973 modo,
720 2939 923 2978 impediatur,
954 2943 1010 2968 aut
1046 2939 1120 2978 plus

430 2981 536 3011 debito
563 2981 733 3018 differatur,
757 2986 931 3022 opportune
955 2982 1120 3021 providere

1186 1409 1338 1445 volentes
1370 1414 1460 1439 motu
1490 1410 1626 1450 proprio,
1651 1414 1681 1439 et
1704 1413 1788 1439 certa
1819 1409 1879 1438 sci-

1186 1452 1279 1488 entia,
1297 1463 1333 1482 ac
1354 1453 1391 1482 de
1415 1453 1610 1492 Apostolicae
1631 1452 1795 1491 potestatis
1812 1452 1879 1491 ple-

1186 1495 1342 1531 nitudine,
1368 1496 1499 1535 parique
1526 1495 1658 1524 consilio
1682 1500 1713 1524 et
1736 1504 1880 1530 assensu,

1186 1538 1275 1567 vobis
1293 1538 1435 1573 insimul,
1450 1543 1504 1567 aut
1520 1538 1643 1567 duobus
1659 1547 1697 1566 ex
1711 1537 1808 1573 vobis,
1822 1537 1878 1566 ali-

1185 1590 1247 1619 quo
1261 1581 1406 1618 legitimo
1416 1581 1643 1620 impedimento
1655 1579 1877 1618 detentis,(de-

1185 1628 1269 1652 tento
1278 1623 1307 1662 ?)
1320 1634 1373 1653 seu
1386 1623 1459 1653 inde
1468 1624 1547 1653 forte
1555 1624 1694 1657 absente,
1704 1622 1879 1662 quomodo-

1187 1676 1312 1705 cunque
1323 1666 1411 1695 vobis
1423 1666 1593 1702 videbitur,
1606 1665 1779 1695 concilium
1796 1675 1878 1704 prae-

1187 1708 1308 1737 dictum
1334 1708 1371 1737 de
1399 1709 1508 1738 eadem
1536 1708 1663 1737 civitate
1681 1708 1877 1742 Tridentina,

1186 1750 1224 1779 ad
1256 1761 1483 1789 quamcunque
1500 1750 1595 1779 aliam
1620 1750 1878 1783 commodiorem,

1187 1798 1217 1821 et
1249 1793 1517 1832 opportuniorem,
1550 1803 1584 1821 ac
1620 1792 1769 1821 tutiorem
1800 1791 1876 1820 civi-

1187 1840 1295 1871 tatem,
1313 1836 1350 1864 de
1368 1846 1430 1874 qua
1445 1835 1535 1864 vobis
1550 1835 1717 1869 videbitur,
1743 1834 1876 1864 transfe-

1187 1878 1276 1906 rendi
1293 1883 1323 1907 et
1350 1878 1504 1912 mutandi,
1527 1887 1563 1906 ac
1585 1877 1666 1906 illud
1693 1877 1725 1905 in
1750 1877 1877 1906 civitate

1187 1920 1375 1949 Tridentina
1392 1920 1650 1959 supprimendiet
1665 1919 1856 1948 dissolvendi
1869 1931 1875 1954 ;

1188 1973 1309 1992 necnon
1327 1962 1468 2001 praelatis
1490 1967 1520 1992 et
1544 1962 1614 1991 aliis
1637 1962 1779 2002 personis
1800 1971 1877 1991 con-

1189 2005 1254 2034 cilii
1270 2005 1467 2044 hujusmodi,
1485 2015 1524 2034 ne
1547 2005 1579 2034 in
1606 2015 1641 2034 eo
1661 2004 1699 2033 ad
1729 2004 1878 2034 ulteriora

1189 2047 1220 2076 in
1238 2048 1323 2077 dicta
1340 2048 1469 2077 civitate
1492 2047 1679 2076 Tridentina
1694 2047 1875 2086 procedant,

1189 2090 1285 2119 etiarn
1310 2091 1369 2120 sub
1394 2090 1536 2120 censuris
1563 2095 1595 2119 et
1613 2091 1718 2130 poenis
1745 2089 1876 2119 eccle-si-

1188 2133 1297 2162 asticis
1312 2133 1487 2168 inhibendi,
1504 2142 1539 2162 ac
1554 2133 1640 2162 idem
1657 2132 1828 2162 concilium
1844 2131 1876 2160 in

1188 2175 1250 2205 alia
1265 2175 1393 2205 civitate
1409 2175 1605 2214 hujusmodi,
1623 2175 1662 2204 ad
1684 2185 1780 2214 quam
1797 2174 1877 2203 illud

1188 2218 1351 2248 transferri
1367 2224 1397 2247 et
1408 2218 1524 2247 mutari
1536 2217 1714 2257 contigerit,
1729 2217 1875 2246 continu-

1187 2261 1271 2296 andi,
1289 2260 1426 2296 tenendi,
1444 2266 1474 2289 et
1489 2260 1678 2296 celebrandi,
1697 2264 1726 2288 et
1742 2260 1781 2288 ad
1797 2258 1878 2288 illud

1186 2303 1346 2342 praelatos,
1361 2308 1392 2332 et
1408 2303 1485 2332 alias
1501 2313 1651 2342 personas
1669 2301 1794 2331 concilii
1805 2301 1876 2330 Tri-

1187 2346 1310 2375 dentini
1324 2345 1622 2384 hujusmodLethun
1634 2345 1692 2374 sub
1704 2344 1878 2384 perjurii,et

1187 2387 1256 2416 aliis
1267 2388 1297 2417 in
1310 2387 1409 2417 literis
1420 2387 1603 2417 indictionis
1616 2387 1744 2416 concilii
1761 2386 1874 2425 hujus-

1186 2430 1271 2459 modi
1299 2430 1465 2469 expressis,
1484 2431 1587 2469 poenis
1603 2428 1768 2465 evocandi,
1784 2429 1876 2467 eique

1186 2472 1230 2501 sic
1240 2474 1401 2506 translato,
1411 2477 1441 2501 et
1451 2478 1583 2508 mutato,
1592 2472 1719 2501 nomine
1728 2477 1757 2501 et
1766 2476 1875 2500 aueto-

1185 2514 1276 2543 ritate
1298 2514 1490 2553 praedi(c)tis
1512 2514 1714 2554 praesidendi,
1732 2523 1768 2543 ac
1790 2513 1823 2542 in
1840 2522 1875 2542 eo

1185 2556 1386 2594 procedendi,
1417 2555 1464 2594 [et
1492 2566 1565 2585 mox
1593 2555 1664 2595 om.]
1692 2556 1818 2595 plenam
1845 2559 1876 2584 et

1186 2598 1319 2627 liberam
1347 2598 1518 2637 apostolica
1547 2599 1734 2628 auctoritate
1769 2604 1876 2626 tenore

1186 2640 1392 2679 praesentium
1431 2640 1634 2670 concedimus
1674 2644 1874 2678 potestatem,

1186 2683 1242 2712 &a
1291 2682 1387 2712 Anno
1427 2682 1662 2712 Incarnationis
1694 2681 1874 2711 Dominicae

1187 2725 1280 2755 1544.
1295 2725 1359 2755 viii.
1380 2724 1454 2755 Kal.
1472 2725 1565 2761 Mar„
1582 2724 1791 2754 Pontificatus
1800 2734 1874 2753 nos-

1185 2768 1225 2797 tri
1244 2777 1323 2797 anno
1341 2767 1402 2806 xi.]

1225 2821 1235 2834 e
1260 2810 1344 2840 Hist.
1375 2810 1470 2840 Conc.
1503 2809 1603 2846 Trid.,
1630 2809 1684 2839 lib.
1711 2809 1744 2838 ii.
1773 2808 1874 2848 [Petr.

1183 2852 1289 2887 Suav.‚
1303 2863 1332 2892 p.
1351 2851 1418 2891 88.]
1445 2852 1519 2883 Quo
1534 2862 1658 2887 arcano,
1675 2862 1801 2881 omnem
1819 2851 1872 2880 de-

1181 2895 1400 2924 liberationem
1411 2895 1507 2924 curiae
1526 2894 1682 2924 Romanae
1695 2894 1807 2924 studiis
1819 2893 1876 2923 ad-

1182 2948 1307 2969 versam
1326 2937 1419 2967 facile
1434 2943 1499 2968 erat
1515 2937 1734 2968 interturbare.
