1987 3244
542 183 608 222 tlze
634 182 772 222 Canon
793 181 843 233 of
856 183 922 222 the
945 182 1192 234 Scriptures.
1537 188 1589 226 31

669 421 948 462 CHAPTER
979 421 1059 462 IV.

133 578 206 601 THE
231 577 445 600 TESTxMONY
470 577 516 599 OF
539 576 612 598 THE
640 576 955 600 ECCLESIASTICAL
978 577 1158 609 WRITERS,
1176 578 1225 601 OE
1250 578 1422 602 FATHERS
1448 580 1494 603 OF
1519 581 1592 604 THE

241 635 407 665 cutmen,
424 634 525 657 NEXT
541 634 665 656 AFTER
682 635 756 656 THE
774 634 966 666 APOSTLES,
983 635 1023 657 IN
1041 635 1116 658 THE
1134 635 1278 658 SECOND
1297 636 1481 659 CENTURY.

188 748 336 789 XLII.
369 748 497 789 After
517 748 591 788 the
608 748 807 802 Apostles
833 748 894 801 (in
916 749 1054 789 whose
1076 748 1179 789 time
1200 749 1274 790 the
1295 750 1429 791 whole
1454 765 1592 793 canon

131 816 179 857 of
206 817 424 869 Scripture
448 830 531 857 was
563 816 844 869 determined)
879 816 953 857 the
984 816 1093 857 hour
1124 831 1207 856 was
1238 822 1373 870 pastu,
1404 819 1487 858 and
1518 820 1591 859 the

131 884 233 924 door
253 898 336 924 was
364 884 487 924 shut:
520 898 576 924 no
605 883 797 925 addition
827 883 967 937 might
998 884 1051 924 be
1082 884 1231 934 made3
1264 899 1344 925 nor
1365 900 1449 940 any
1470 886 1592 927 other

129 951 241 992 book
272 952 404 992 taken
438 951 496 1001 in,
529 951 608 992 but
639 952 752 992 what
787 952 889 1006 they
919 952 1004 992 had
1034 953 1126 993 first
1162 953 1366 1004 received,
1399 954 1484 995 and
1515 955 1591 996 left

129 1019 274 1060 sacred
294 1024 340 1060 to
360 1020 434 1060 the
457 1019 645 1060 Chureh.
706 1020 864 1061 Which
891 1020 926 1060 is
954 1025 1031 1061 not
1062 1021 1162 1074 only
1184 1021 1512 1074 acknowledged
1534 1023 1591 1077 by

131 1089 173 1129 S.
197 1089 477 1142 Augustinez
509 1089 588 1130 but
618 1089 805 1130 likewise
838 1089 895 1143 by
925 1089 1000 1129 the
1036 1089 1203 1129 doctors
1234 1089 1282 1130 of
1311 1090 1385 1130 the
1417 1091 1589 1132 Church

128 1157 176 1197 of
202 1158 337 1198 Rome
367 1157 496 1207 itself‚
526 1157 632 1198 both
660 1157 780 1198 those
810 1157 905 1197 that
935 1157 1046 1197 lived
1075 1157 1218 1197 before
1247 1157 1321 1198 the
1352 1159 1517 1199 council
1545 1159 1594 1200 of

127 1225 295 1274 Trentz
318 1225 402 1265 and
422 1225 544 1265 those
566 1225 661 1265 that
683 1224 788 1265 have
808 1225 979 1265 written
1001 1225 1149 1265 sincez.

185 1293 355 1333 XLIII.
386 1294 489 1334 And
515 1294 601 1334 this
623 1308 706 1334 was
737 1294 771 1334 it
796 1294 892 1334 that
920 1293 1019 1333 held
1049 1294 1123 1334 the
1152 1294 1323 1334 ancient
1354 1294 1514 1335 fathers
1540 1299 1585 1336 to

127 1361 200 1402 the
224 1362 294 1402 old
321 1376 458 1402 canon
471 1379 482 1411 3
520 1362 627 1403 from
649 1362 787 1403 which
814 1363 888 1402 the
912 1362 1053 1403 Greek
1075 1362 1247 1402 Church
1269 1376 1398 1403 never
1417 1367 1490 1416 yet
1514 1363 1585 1403 de-

126 1430 276 1484 parted
306 1434 351 1471 to
378 1430 462 1471 this
491 1430 585 1485 day.
647 1430 760 1481 And,
783 1430 850 1471 till
878 1444 994 1471 some
1026 1430 1105 1470 few
1133 1443 1233 1469 men
1266 1430 1328 1483 (of
1353 1429 1427 1470 the
1454 1430 1584 1471 Latin

168 1585 185 1600 ¹¹
208 1580 322 1610 Thom.
335 1580 481 1610 VValden.
498 1580 591 1610 Doct.
608 1580 707 1616 Fidei,
725 1579 778 1609 lib.
790 1580 823 1610 ii.

126 1627 183 1653 art.
200 1623 231 1653 ii.
250 1634 315 1663 cap.
334 1625 383 1653 20.
404 1622 496 1662 [tom.
514 1623 534 1652 i.
550 1633 579 1662 p.
597 1622 687 1662 200.]
721 1623 823 1652 Tran-

126 1666 179 1695 siit
194 1665 336 1705 (transit)
353 1676 427 1705 ergo
443 1666 537 1695 hora:
561 1675 624 1694 non
641 1669 745 1705 potest
756 1666 825 1704 jam

126 1719 266 1738 crescere
283 1719 385 1738 canon
401 1709 435 1738 in
451 1708 635 1748 pluralitate
651 1708 815 1738 librorum.

167 1755 182 1769 ¹
206 1752 237 1781 S.
255 1751 394 1791 August.
413 1756 522 1780 contra
540 1750 649 1780 Faust.
668 1751 823 1787 Manich.,

124 1792 178 1824 lib.
195 1794 236 1824 xi.
249 1804 275 1824 c.
290 1796 318 1824 5.
338 1793 431 1833 [tom.
445 1794 511 1823 viii.
526 1793 584 1823 col.
599 1792 690 1832 22l.]
728 1793 822 1823 Veri-

125 1840 173 1866 tas
187 1837 381 1866 Divinarum
393 1836 633 1875 Scripturarum
647 1846 709 1866 non
721 1846 738 1865 a
751 1836 823 1875 qui-

123 1879 274 1916 buslibet,
292 1879 347 1909 sed
363 1880 401 1909 ab
417 1879 495 1919 ipsis
512 1878 675 1918 Apostolis
691 1879 731 1908 ad
748 1888 821 1908 nos-

124 1925 206 1951 tram
218 1922 313 1952 fidem
327 1922 547 1952 aedificandam
561 1921 722 1950 memoriae
736 1931 822 1949 com-

123 1965 273 1994 mendata
289 1969 345 2000 est,
363 1975 398 1994 ac
421 1975 478 2004 per
492 1964 551 1993 hoc
576 1964 609 1993 in
631 1963 822 1993 canonicum

124 2008 324 2037 auctoritatis
341 2007 469 2036 culmen
487 2011 621 2045 recepta.
675 2004 822 2043 [Cosin’s

123 2051 223 2079 words
234 2050 313 2079 have
324 2055 379 2079 not
388 2050 467 2079 been
478 2049 589 2078 found:
609 2048 666 2077 but
676 2047 766 2077 atlib.
779 2048 820 2077 xi.

123 2102 191 2131 cap.
205 2094 233 2121 5.
246 2098 355 2121 eontra
370 2092 490 2126 Faust.‚
502 2096 577 2120 tom.
594 2090 658 2120 viii.
674 2090 731 2119 col.
748 2091 821 2119 221.

123 2137 171 2163 the
188 2136 247 2164 lilce
262 2145 344 2164 sense
360 2134 387 2163 is
405 2133 575 2173 expressed
588 2133 618 2162 in
633 2133 686 2162 the
700 2132 821 2161 follow-

122 2176 178 2215 ing
188 2177 307 2206 words:
325 2178 332 2192 ‘
347 2176 509 2206 Distincta
521 2181 569 2205 est
582 2186 599 2205 a
610 2175 820 2215 posteriorum

122 2218 211 2249 libris
227 2219 416 2249 excellentia
437 2219 599 2248 canonieae
624 2219 820 2248 auctoritatis

122 2262 237 2291 veteris
262 2267 293 2292 et
315 2262 388 2291 novi
413 2261 623 2296 Testamenti,
639 2271 711 2300 quae
730 2260 818 2300 Apo-

124 2305 279 2334 stolorum
313 2304 500 2334 confirmata
528 2303 726 2343 temporibus
764 2314 820 2343 per

121 2348 336 2377 successiones
361 2347 583 2387 episcoporum
607 2351 638 2376 et
661 2355 817 2386 propaga-

121 2390 222 2420 tiones
249 2389 482 2425 Ecclesiarum,
506 2393 660 2428 tanquam
685 2389 717 2417 in
747 2389 820 2418 sede

121 2433 269 2472 quadam,
287 2432 469 2462 sublimiter
485 2432 658 2462 constituta
675 2436 740 2461 est:
766 2432 819 2461 cui

121 2475 236 2505 serviat
252 2476 357 2506 omnis
374 2475 478 2505 fidelis
493 2479 523 2505 et
538 2475 611 2515 pius
625 2474 817 2504 intellectus.

120 2539 126 2547 .
142 2540 150 2546 .
170 2540 176 2547 .
191 2517 231 2548 In
251 2519 415 2558 opusculis
438 2522 544 2547 autem
567 2517 821 2558 posteriorum—

119 2559 213 2599 longe
229 2565 277 2590 est
293 2561 396 2601 impar
412 2560 614 2599 auctoritas]

161 2608 174 2627 7
199 2603 343 2634 Durand.
368 2604 401 2633 in
427 2603 517 2643 [lib.]
543 2604 589 2633 iii.
610 2603 638 2633 d.
665 2604 714 2632 24.
741 2613 769 2642 q.
791 2603 816 2632 l.

120 2650 194 2676 sect.
213 2648 241 2676 9.
262 2645 461 2686 [Comment.
480 2647 513 2675 in
534 2647 673 2676 Sentent.
693 2645 817 2681 Theol„

118 2698 148 2727 p.
165 2688 236 2720 576.
285 2689 357 2718 Hoc
381 2694 498 2725 autem,
516 2690 600 2728 quod
624 2689 744 2718 dictum
770 2693 817 2717 est

119 2731 157 2760 de
175 2732 402 2771 approbatione
425 2732 599 2771 Scripturae
624 2741 680 2771 per
698 2731 812 2760 Eccle-

119 2773 210 2810 siam,
239 2774 433 2813 intelligitur
462 2774 565 2804 solum
598 2774 636 2803 de
669 2773 816 2802 Ecclesia

120 2826 192 2855 quae
216 2817 279 2846 fuit
300 2822 442 2856 tempore
467 2817 580 2856 Apost.
606 2817 660 2856 qui
685 2817 816 2845 fuerunt

118 2859 230 2897 repleti
263 2859 382 2898 Spiritu
414 2859 560 2898 Sancta]
610 2860 744 2889 Gerson.
778 2858 816 2888 de

118 2899 184 2930 Vit.
202 2901 254 2941 Sp.
280 2901 351 2932 lect.
377 2901 444 2941 [2.]
470 2902 564 2932 corol.
590 2901 615 2933 7.
643 2901 724 2941 [vid.
750 2911 814 2940 par.

119 2943 146 2973 3.
173 2943 231 2973 col.
259 2944 328 2981 182,
346 2948 376 2974 et
403 2943 486 2984 seq.]
539 2945 640 2983 Cajet.
666 2944 728 2973 inl
751 2944 814 2973 Co-

884 1578 981 1608 rinth.
997 1578 1050 1608 xii.
1078 1577 1123 1617 [v.
1140 1579 1189 1608 28.
1215 1582 1291 1608 tom.
1310 1588 1338 1609 v.
1363 1588 1392 1618 p.
1415 1580 1486 1608 130.
1532 1579 1585 1609 Ad

885 1631 937 1650 eos
966 1622 1051 1650 enim
1078 1620 1281 1660 (Apostolos)
1308 1626 1430 1659 spectat
1454 1621 1581 1651 univer-

885 1664 960 1693 salis
974 1663 1131 1693 Ecclesiae
1148 1663 1302 1702 regimen,
1315 1674 1379 1693 non
1396 1663 1500 1693 solum
1514 1674 1583 1693 ver-

884 1706 924 1735 bo
955 1711 986 1736 et
1022 1706 1155 1742 actione,
1188 1706 1242 1736 sed
1279 1707 1376 1736 etiam
1409 1706 1583 1746 Scriptura.

886 1749 982 1778 Unde
999 1749 1065 1778 sola
1082 1749 1200 1788 scripta
1219 1749 1257 1778 ab
1275 1748 1439 1787 Apostolis
1456 1748 1528 1787 (seu
1545 1750 1584 1779 ab

884 1792 929 1821 eis
959 1792 1146 1831 approbata)
1176 1792 1281 1820 Sacrae
1307 1791 1480 1831 Scripturae
1506 1802 1581 1821 auc-

884 1834 1046 1864 toritatem
1062 1833 1206 1872 habent]

927 1881 940 1896 Ζ
965 1877 1085 1911 Canus,
1104 1876 1135 1905 in
1161 1875 1239 1905 Loc.
1257 1876 1358 1911 Com.‚
1376 1876 1430 1905 lib.
1451 1875 1482 1906 ii.
1510 1886 1534 1906 e.
1554 1875 1580 1907 7.

885 1917 931 1957 [p.
950 1919 999 1950 37.
1033 1918 1082 1947 De
1099 1918 1174 1948 Loc.
1193 1918 1302 1948 Theol.
1336 1918 1407 1957 Ego
1423 1927 1495 1947 vero
1513 1918 1579 1957 pri-

882 1970 973 1990 mum
999 1961 1099 1990 sentio
1127 1960 1165 1990 ad
1190 1960 1363 2000 Apostolos
1389 1960 1581 1999 pertinuisse

883 2003 979 2031 libros
1010 2013 1114 2032 sacros
1142 2003 1285 2041 probare,
1310 2012 1371 2031 non
1398 2012 1502 2031 sacros
1530 2012 1578 2031 re-

877 2044 1003 2084 jicere]
1052 2045 1121 2074 Nec
1139 2045 1223 2074 enim
1240 2045 1318 2074 alios
1335 2045 1431 2073 libros
1449 2045 1577 2073 canoni-

881 2098 933 2117 cos
967 2088 1131 2121 haberium,
1160 2088 1226 2117 sive
1263 2087 1376 2116 veteris
1408 2087 1474 2116 sive
1504 2088 1578 2116 novi

880 2129 1089 2166 Testamenti,
1111 2140 1206 2170 quam
1232 2140 1310 2169 quos
1334 2129 1480 2169 Apostoli
1504 2139 1576 2168 pro-

880 2173 1045 2209 baverunt,
1070 2178 1166 2212 atque
1191 2173 1346 2202 Ecclesiae
1371 2172 1576 2202 tradiderunt.

881 2215 1034 2245 Bellarm.
1059 2216 1096 2245 de
1123 2215 1217 2245 Verb.
1248 2215 1320 2250 Dei,
1348 2215 1401 2244 lib.
1427 2215 1446 2244 i.
1475 2225 1500 2244 e.
1527 2216 1576 2244 20.

882 2256 975 2296 [toni.
992 2258 1011 2288 i.
1032 2258 1091 2288 col.
1107 2260 1156 2287 80.
1193 2257 1319 2287 Deinde
1335 2257 1367 2286 in
1384 2257 1443 2286 isto
1458 2267 1577 2286 canone

879 2300 1000 2330 lxxxiv.
1028 2305 1238 2330 numerantur
1266 2300 1338 2329 libri
1363 2300 1516 2335 canonici,
1547 2304 1578 2329 et

879 2344 1071 2373 omittuntur
1087 2343 1219 2383 quidam
1237 2343 1291 2382 qui
1308 2343 1482 2372 certissime
1503 2347 1578 2371 sunt

879 2387 1035 2422 canonici,
1050 2391 1085 2416 ut
1096 2386 1168 2416 libri
1182 2386 1305 2422 Esdrae,
1320 2385 1439 2421 Tobiae,
1453 2385 1577 2421 Judith,

880 2428 1052 2468 Sapientia,
1071 2429 1329 2464 Ecclesiasticus,
1347 2427 1575 2467 Apocalypsis;

881 2482 952 2510 quae
970 2483 1019 2502 res
1042 2482 1105 2502 non
1124 2472 1250 2501 minimi
1272 2470 1425 2500 momenti
1443 2480 1510 2499 esse
1528 2469 1573 2498 vi-

880 2515 989 2544 detur:
1014 2525 1089 2544 nam
1115 2515 1273 2549 Ecclesia,
1296 2524 1367 2552 qum
1392 2517 1461 2551 post
1487 2512 1573 2551 Apo-

880 2557 978 2587 stolos
1009 2558 1079 2593 fuit,
1112 2567 1174 2586 non
1209 2556 1337 2586 aliunde
1368 2555 1487 2589 didicit,
1520 2555 1575 2593 qui

878 2599 951 2629 libri
984 2600 1048 2629 sint
1078 2600 1221 2629 canonici
1253 2604 1283 2628 et
1321 2598 1374 2637 qui
1407 2608 1467 2627 non
1500 2597 1575 2631 sint,

877 2653 974 2681 quain
1014 2653 1052 2672 ex
1103 2643 1270 2672 traditione
1315 2639 1572 2680 Apost0101·um.]

878 2686 984 2715 Grets.
1018 2686 1102 2721 Des„
1134 2686 1186 2714 lib.
1216 2685 1235 2714 i.
1264 2694 1313 2722 ap.
1346 2685 1371 2712 1.
1405 2683 1484 2721 [ff'i‘l-
1514 2682 1571 2711 vol.

876 2730 947 2757 5390.
996 2728 1064 2757 Nec
1088 2728 1235 2767 displicet
1257 2727 1346 2755 nobis
1371 2726 1491 2754 dictum
1510 2725 1571 2753 (':1-

870 2771 981 2809 jetani,
1000 2771 1093 2800 Thes.
1112 2771 1162 2799 38.
1187 2773 1481 2801 commemoratum,
1503 2777 1570 2795 eam

875 2813 975 2842 solam
1000 2824 1068 2842 esse
1093 2823 1213 2842 sacram
1238 2822 1273 2841 ac
1298 2811 1438 2840 divinam
1465 2809 1570 2847 Serip-

875 2860 993 2891 turam,
1011 2865 1107 2894 quam
1127 2855 1273 2894 Apostoli
1295 2858 1351 2883 aut
1375 2853 1572 2892 scripserunt

876 2903 930 2928 aut
945 2897 1190 2938 approbarunt]

1662 309 1754 330 TEST.

1633 351 1728 373 CENT.
1749 352 1783 373 11.
