1987 3244
404 268 488 308 246
840 268 878 307 A
902 268 1174 309 Scholastical
1191 269 1364 322 History
1386 267 1438 321 of

213 387 237 417 c
253 386 285 416 Η
297 386 373 418 ΑΡ.
404 373 538 415 wards
555 373 678 415 made
695 374 960 428 Archbishop
983 375 1030 415 of
1044 375 1118 415 the
1140 389 1254 415 same
1276 376 1405 428 place,
1423 388 1506 414 was
1527 377 1603 414 not
1618 373 1720 425 long
1742 371 1859 412 since

241 429 333 460 XVI.

405 443 570 484 sainted
602 442 659 496 by
691 443 805 495 Pope
837 442 1001 483 Adrian
1034 443 1107 483 the
1143 443 1289 483 Sixth:
1341 442 1479 483 which
1514 441 1597 482 will
1633 441 1756 481 make
1791 440 1858 480 his

404 511 636 564 testimony
666 511 740 551 the
770 511 851 551 less
882 510 1008 551 liable
1040 515 1085 550 to
1118 511 1230 551 their
1264 511 1519 564 exceptions,
1553 509 1647 550 that
1675 509 1781 549 have
1812 522 1859 548 so

408 584 528 633 great
551 593 604 619 an
629 579 873 619 estiination
895 579 939 619 of
962 579 1065 619 him.
1128 579 1242 629 And,
1264 579 1359 619 that
1386 579 1439 619 he
1465 577 1637 618 denieth
1658 577 1778 617 those
1801 576 1862 615 six

405 646 537 687 books
558 661 651 687 now
675 646 855 686 debated
875 651 920 686 to
941 646 993 686 be
1019 661 1101 700 any
1122 652 1237 700 parts
1259 647 1306 687 of
1321 647 1394 687 the
1416 646 1560 686 sacred
1582 645 1666 686 and
1687 643 1858 684 canoni-

406 716 471 756 cal
502 715 730 768 Scripture,
764 714 1011 754 Franciscus
1042 715 1193 754 Picusu
1225 715 1309 755 and
1345 714 1555 754 Melchior
1590 714 1757 754 Canusx
1790 725 1861 752 are

405 784 511 824 both
543 783 685 824 forced
717 788 762 823 to
796 783 971 823 confess.
1034 784 1116 823 For
1148 783 1430 832 otherwhiles‚
1462 783 1507 822 in
1540 781 1781 835 particular,
1803 779 1857 819 he

407 852 580 892 denieth
615 857 754 892 somey
775 851 822 892 of
848 852 966 891 them
999 851 1072 891 the
1106 851 1273 892 honour
1306 851 1390 892 and
1423 850 1639 903 authority
1659 849 1755 889 that
1786 848 1861 888 the

408 920 627 962 canonical
665 919 901 972 Scriptures
932 919 1061 969 have3
1095 920 1178 960 and
1210 920 1490 969 otherwhiles,
1522 919 1567 959 in
1599 917 1784 971 general,
1809 916 1864 955 he

408 988 582 1028 denieth
605 1002 648 1027 as
670 988 797 1028 much
819 992 864 1027 to
885 988 1003 1027 them
1026 988 1103 1028 allz
1123 1005 1134 1038 3
1167 988 1517 1040 acknowledging
1538 1001 1594 1027 no
1621 999 1737 1026 more
1758 984 1864 1024 than

406 1059 671 1108 twenty-two
692 1055 824 1095 books
846 1055 892 1095 of
915 1056 989 1095 the
1012 1055 1096 1095 Old
1117 1056 1365 1096 Testament
1386 1060 1431 1096 to
1452 1055 1504 1095 be
1530 1053 1763 1102 authentic,
1784 1056 1862 1091 not

406 1123 507 1177 only
539 1123 596 1176 by
628 1122 701 1162 the
734 1127 914 1163 account
947 1123 994 1163 of
1021 1123 1094 1164 the
1130 1124 1347 1173 Hebrews,
1370 1123 1448 1163 but
1480 1123 1537 1177 by
1557 1122 1630 1162 the
1663 1133 1860 1162 common

403 1191 632 1244 judgment
664 1190 710 1230 of
735 1190 810 1230 the
832 1190 961 1231 Latin
991 1190 1189 1231 Church:
1222 1191 1287 1231 for
1316 1191 1444 1244 proof
1469 1190 1658 1230 whereof
1683 1189 1736 1228 he
1766 1201 1861 1241 pro-

409 1259 566 1298 duceth
587 1258 692 1298 both
716 1257 759 1297 S.
779 1258 984 1298 Jerome's
1005 1259 1243 1311 prologuea,
1259 1259 1395 1298 which
1416 1272 1499 1298 was
1520 1258 1625 1297 then
1648 1255 1862 1309 generally

408 1326 758 1376 received,——-and
788 1326 861 1366 the
890 1326 1169 1375 testimonies‚
1194 1340 1239 1366 as
1262 1327 1355 1366 well
1384 1326 1431 1366 of
1454 1326 1636 1366 Thomas
1658 1324 1863 1377 Aquinas,

410 1409 454 1434 as
477 1394 524 1434 of
539 1394 712 1434 Nicolas
735 1393 848 1444 Lira,
873 1393 965 1433 who
987 1408 1094 1434 were
1121 1394 1227 1434 then
1256 1394 1441 1434 likewise
1467 1395 1512 1433 in
1541 1397 1661 1446 great
1685 1396 1865 1432 account

411 1476 568 1514 among
594 1461 874 1511 them,———and
901 1461 1169 1512 concludeth,
1191 1462 1287 1502 that
1315 1462 1437 1502 those
1463 1461 1609 1510 books,
1631 1460 1767 1500 which
1795 1473 1867 1499 are

411 1531 544 1572 called
567 1531 833 1585 apocryphal,
856 1545 954 1584 may
975 1531 1284 1584 peradventure
1312 1531 1416 1571 have
1444 1530 1517 1570 the
1544 1530 1630 1569 like
1651 1528 1867 1582 authority

451 1680 469 1697 1¹
494 1676 566 1705 Joh.
600 1676 712 1706 Franc.
746 1676 853 1713 Picus,
885 1677 924 1706 de
960 1677 1038 1706 Fide
1076 1681 1107 1706 et

410 1719 530 1748 Ordine
554 1718 721 1753 Credendi,
747 1719 843 1748 theor.
865 1718 1029 1757 [5.—Vid.
1048 1720 1104 1748 Jo-

408 1761 524 1790 hannis
540 1761 702 1790 Francisci
716 1761 792 1797 Pici,
810 1761 1004 1791 Mirandulae
1020 1762 1104 1791 Con-

410 1804 591 1842 cordiaeque
624 1804 770 1838 Comitis,
803 1804 886 1843 Op.;
924 1805 971 1833 ed.
1007 1804 1105 1834 Basil.

412 1847 503 1875 1601.
528 1852 601 1875 tom.
621 1846 651 1875 ii.
676 1857 706 1885 p.
727 1846 999 1876 lSl.—Nicolaus
1025 1857 1106 1886 quo-

410 1899 471 1927 que
503 1889 602 1928 Lyra,
631 1889 663 1918 in
693 1889 879 1927 praefatione
917 1889 949 1918 in
987 1889 1105 1919 librum

409 1931 518 1961 Tobiae
536 1931 623 1965 dicit,
640 1941 744 1970 neque
761 1942 844 1967 eum,
862 1942 965 1971 neque
980 1932 1105 1967 Judith,

1166 1677 1337 1717 cundum]
1398 1677 1546 1707 Ecclesia
1575 1674 1722 1715 [sancta]
1755 1679 1862 1705 tamen

1166 1720 1260 1749 etiam
1288 1721 1484 1759 Apocryplia
1504 1720 1615 1758 recipit
1637 1724 1672 1748 ut
1694 1728 1778 1754 vera,
1805 1717 1862 1756 [ut

1165 1767 1252 1802 patet
1279 1762 1430 1792 Distinet.
1457 1772 1508 1791 xv.
1544 1762 1663 1790 Sancta
1693 1761 1862 1793 Romanam

1166 1810 1195 1834 et
1222 1804 1274 1843 ut]
1305 1805 1398 1834 utilia
1421 1809 1451 1834 et
1476 1803 1609 1833 moralia
1635 1801 1863 1842 [veneratum]

1166 1848 1224 1876 etsi
1256 1848 1287 1876 in
1311 1847 1511 1877 contentione
1537 1856 1658 1882 eorum,
1689 1856 1759 1884 quae
1790 1851 1864 1874 sunt

1167 1890 1269 1925 Fidei,
1285 1900 1349 1919 non
1366 1889 1511 1928 urgentia
1528 1889 1565 1918 ad
1583 1889 1793 1927 arguendum.

1209 1939 1221 1951 ὃ
1247 1933 1349 1967 Idem,
1369 1933 1458 1962 Sum.
1476 1931 1640 1969 Theolog.,
1663 1940 1730 1969 par.
1746 1930 1789 1960 iii.
1815 1930 1862 1959 tit.

409 1983 513 2012 neque
538 1973 811 2008 Machabaeorum,
836 1984 940 2013 neque
971 1974 1104 2014 Sapien-

409 2016 473 2051 tiae,
506 2026 610 2055 neque
643 2016 874 2052 Ecclesiastici,
906 2027 1010 2055 neque
1042 2017 1105 2046 Ba-

410 2059 499 2094 ruch,
517 2069 620 2098 neque
636 2059 767 2088 ultimos
793 2059 905 2088 Esdrae
929 2060 961 2088 in
987 2070 1107 2089 canone

410 2100 538 2136 habe1·i;
564 2101 661 2140 recipi
679 2107 782 2130 tamen
800 2102 832 2130 in
850 2101 1008 2138 Ecclesia,
1026 2102 1106 2141 legi-

412 2154 473 2183 que
490 2144 529 2173 ad
552 2154 656 2173 mores
676 2144 904 2174 informandos.
921 2168 928 2174 .
948 2167 954 2174 .
973 2168 979 2175 .
999 2145 1106 2174 Idem-

413 2196 473 2224 que
491 2187 747 2225 archiepiscopus
763 2186 967 2216 Florentinus
980 2187 1107 2222 scribit3

412 2229 588 2258 &c.-Vid.
607 2229 677 2258 infr.
695 2239 785 2258 num.
802 2229 926 2267 clxvii.]

456 2275 471 2289 x
497 2270 615 2305 Canus,
648 2271 723 2301 Loc.
753 2271 873 2308 Tlieol.‚
903 2272 956 2302 lib.
983 2272 1014 2303 ii.
1040 2283 1109 2312 cap.

415 2312 464 2346 10,
484 2312 530 2341 ll.
544 2323 608 2351 arg.
620 2314 647 2341 3.
664 2312 732 2352 [pp.
745 2314 795 2348 60,
809 2315 978 2343 68.—Vi‹l.

413 2354 598 2383 Antoninus
620 2377 626 2383 .
644 2377 651 2384 .
670 2377 676 2383 .
701 2355 778 2384 alios
808 2355 938 2396 [etiam]
967 2368 1024 2386 sex
1056 2357 1110 2395 (li-

412 2397 500 2434 bros)
533 2407 650 2432 566108,
689 2396 771 2435 (sive
810 2399 1007 2438 canonicos,)
1043 2410 1110 2429 esse

412 2439 582 2468 inficiatur.

455 2486 469 2505 >⁷
493 2482 524 2510 S.
546 2481 711 2517 Antonin,
740 2481 829 2512 Sum.
866 2482 963 2518 Hist,
993 2493 1057 2522 par.
1090 2483 1110 2513 i.

414 2524 459 2553 tit.
486 2524 529 2553 iii.
556 2534 622 2563 cap.
648 2525 676 2553 4.
701 2524 793 2563 impr.
820 2525 923 2563 Lugd.
953 2525 1109 2563 [1586.—

415 2566 573 2602 Chronic„
585 2572 658 2595 tom.
676 2565 695 2596 i.
713 2576 741 2605 p.
756 2566 825 2605 65.]
851 2567 916 2598 Qui
934 2567 1029 2605 (liber
1044 2567 1108 2597 Ec-

413 2608 598 2647 clesiastici)
625 2609 771 2647 quamvis
798 2609 911 2648 plenus
935 2610 974 2638 sit
998 2610 1110 2639 morali

415 2651 587 2690 Sapientia,
604 2656 635 2680 et
657 2651 727 2680 ideo
748 2651 786 2680 ab
802 2652 949 2681 Ecclesia
964 2658 1109 2691 receptus

414 2693 453 2723 ad
482 2693 665 2732 legendum,
688 2704 752 2722 non
774 2699 880 2723 tamen
907 2695 1110 2724 authenticus

415 2735 494 2773 (est)
511 2736 549 2764 ad
564 2736 762 2775 probandum
779 2747 825 2772 ea,
838 2747 909 2775 quae
928 2737 1060 2767 veniunt
1075 2737 1108 2766 in

417 2778 652 2808 contentionem
670 2778 767 2808 Fidei.

459 2823 469 2836 ²
496 2820 588 2856 Ibid.‚
606 2830 672 2859 cap.
699 2822 728 2850 6.
753 2825 827 2851 sect.
849 2823 898 2851 12.
924 2820 1018 2860 [tom.
1038 2822 1057 2851 i.
1080 2832 1108 2861 p.

417 2862 485 2902 85·]
506 2863 550 2892 Et
565 2863 610 2892 sie
626 2863 658 2892 in
676 2868 777 2892 totum
796 2864 871 2893 xxii.
888 2870 1011 2903 ponunt
1026 2864 1108 2902 (He-

414 2905 494 2935 braei
524 2905 634 2943 libros)
666 2906 875 2936 authenticos.
933 2906 1110 2945 [Quartam

416 2947 556 2987 partem]
577 2948 770 2987 Apocrypha
793 2949 955 2988 appellant
972 2948 1050 2989 [sc.]
1071 2950 1108 2978 li—

416 2991 510 3020 brum
528 2990 709 3030 Sapientiae,
728 2991 1005 3027 Ecclesiasticnm,
1023 2992 1112 3028 Tob.,

417 3033 504 3069 dud„
528 3037 557 3062 et
586 3033 730 3063 Maccab.
760 3033 975 3073 [(pi·iniuin?)
1003 3040 1032 3064 et
1061 3045 1109 3064 se-

997 2325 1025 2354 p.
1039 2314 1112 2354 60.]

1166 1974 1253 2003 xviii.
1275 1985 1342 2014 cap.
1361 1975 1389 2004 6.
1415 1979 1490 2003 sect.
1517 1975 1544 2003 2.
1572 1973 1636 2012 [ed.
1662 1972 1865 2012 Argentinae,

1170 2018 1261 2047 1496.
1279 2022 1354 2047 tom.
1371 2017 1416 2046 iii.
1443 2016 1545 2053 (num.
1564 2016 1615 2046 fol.
1636 2015 1769 2055 deest.)]
1798 2015 1865 2044 He-

1166 2060 1253 2095 111-661,
1273 2082 1279 2088 .
1295 2084 1302 2091 .
1322 2083 1328 2090 .
1348 2059 1526 2089 secundum
1562 2058 1800 2098 Hieronymum
1832 2057 1865 2086 in

1167 2102 1250 2132 Prol.
1267 2102 1355 2137 Gal„
1371 2124 1378 2131 .
1396 2125 1403 2132 .
1423 2125 1429 2132 .
1446 2102 1599 2131 librorum
1617 2101 1653 2130 V.
1673 2101 1710 2130 T.
1728 2105 1866 2139 quatuor

1167 2145 1289 2174 faciunt
1308 2150 1422 2184 partes
1470 2144 1514 2173 Et
1538 2144 1674 2184 primam
1699 2143 1864 2182 appellant

1169 2188 1308 2226 Legem:
1327 2211 1333 2216 .
1351 2210 1356 2216 .
1375 2210 1381 2216 .
1401 2187 1574 2216 secundam
1593 2186 1786 2225 Prophetas:
1807 2208 1814 2215 .
1834 2207 1841 2214 .
1857 2208 1865 2215 .

1167 2231 1292 2260 tertiam
1321 2229 1570 2269 Hagiographa:
1598 2251 1605 2258 .
1622 2251 1629 2258 .
1648 2251 1654 2258 .
1674 2251 1680 2257 .
1707 2232 1865 2267 quartam,

1171 2272 1283 2312 (quam
1301 2277 1407 2301 tamen
1425 2282 1486 2301 non
1511 2276 1634 2311 ponunt
1655 2270 1718 2310 ipsi
1739 2269 1867 2300 Hebraei

1169 2315 1200 2344 111
1223 2325 1343 2344 canone
1362 2315 1391 2344 S.
1411 2315 1659 2353 Scripturarum,
1680 2313 1734 2342 sed
1757 2312 1865 2352 appel-

1170 2357 1237 2387 lant
1253 2357 1475 2397 Apocrypha,)
1494 2356 1615 2386 faciunt
1630 2356 1667 2385 de
1685 2355 1755 2384 aliis
1772 2355 1866 2394 quin-

1171 2410 1233 2439 que
1257 2399 1357 2435 libris,
1379 2399 1510 2435 scilicet,
1537 2398 1620 2438 Sap„
1648 2398 1749 2433 Eccl.‚
1779 2398 1867 2433 Jud„

1172 2443 1261 2477 Tob.,
1280 2447 1311 2471 et
1333 2442 1488 2477 Maccab.,
1507 2441 1592 2480 (qui)
1611 2441 1643 2469 in
1668 2441 1747 2469 duos
1770 2440 1867 2469 libros

1172 2485 1341 2513 distinctus
1360 2484 1439 2521 (est;
1464 2484 1549 2513 unde
1573 2483 1619 2521 et)
1637 2483 1674 2512 de
1698 2483 1747 2512 his
1771 2482 1864 2521 quin·

1169 2536 1229 2565 que
1254 2526 1343 2555 libris
1367 2526 1443 2555 dicit
1470 2526 1689 2565 Hieronymus
1716 2525 1749 2554 in
1781 2524 1865 2554 Prol.

1169 2578 1264 2606 super
1292 2568 1417 2603 Judith,
1444 2568 1528 2606 quod
1558 2568 1730 2597 auctoritas
1758 2577 1867 2596 eorum

1171 2609 1302 2649 [horum
1330 2609 1501 2648 librorum]
1530 2610 1568 2638 ad
1597 2609 1771 2638 roboranda
1800 2609 1869 2645 illa,

1169 2663 1242 2691 quae
1269 2652 1301 2681 in
1327 2652 1561 2681 contentionem
1588 2652 1730 2685 veniunt,
1758 2651 1866 2679 minus

1168 2695 1284 2724 idonea
1310 2694 1508 2733 judicatur..
1525 2716 1533 2724 .
1551 2716 1557 2722 .
1583 2694 1626 2722 Et
1656 2693 1739 2723 idem
1770 2693 1866 2722 etiam

1171 2737 1246 2766 dicit
1277 2737 1426 2771 Thomas,
1468 2738 1514 2765 2a.
1547 2737 1617 2772 2ae.,
1649 2739 1680 2764 et
1711 2735 1868 2764 Nicolaus

1171 2780 1247 2809 Lira
1262 2789 1356 2818 super
1373 2778 1460 2814 Tob.,
1479 2778 1609 2814 scilicet,
1627 2778 1710 2817 quod
1728 2777 1780 2807 isti
1804 2788 1866 2807 non

1170 2827 1246 2851 sunt
1268 2826 1364 2851 tantae
1389 2820 1597 2856 auctoritatis,
1616 2821 1700 2859 quod
1716 2830 1755 2849 ex
1772 2820 1866 2849 dictis

1170 2875 1278 2894 eorum
1295 2870 1400 2903 posset
1416 2863 1585 2892 efficaciter
1601 2863 1816 2902 argumentari
1834 2863 1866 2892 in

1170 2907 1219 2936 his
1237 2916 1309 2946 quae
1327 2911 1401 2935 sunt
1418 2906 1518 2941 Fidei,
1536 2905 1618 2934 sicut
1634 2916 1673 2935 ex
1690 2904 1761 2934 aliis
1778 2904 1866 2934 libris

1172 2950 1201 2980 S.
1221 2949 1400 2987 Scripturae.
1448 2948 1542 2977 Unde
1559 2948 1637 2977 forte
1660 2948 1775 2976 habeut
1791 2957 1866 2976 auc-

1172 2992 1331 3021 toritatem
1360 2990 1467 3027 talem,
1491 2990 1617 3029 qualem
1643 2990 1759 3019 habent
1783 2989 1867 3019 dicta

1173 3036 1202 3065 S.
1222 3035 1397 3064 Doctorum
1414 3034 1585 3074 approbata
1601 3032 1639 3062 ab
1658 3031 1811 3062 Ecclesia.
