1987 3244
423 259 481 295 44·

856 255 894 293 A
918 253 1190 293 Sclzolastz'cal
1212 252 1382 302 History
1404 248 1451 301 os

207 374 300 404 'CH
317 373 392 403 ΑΡ.
423 362 536 402 tions
566 365 611 401 to
641 360 715 400 the
750 359 862 399 book
894 358 941 399 of
971 358 1157 410 Jeremy,
1190 356 1274 396 and
1304 355 1378 395 the
1408 354 1571 406 history
1602 352 1648 392 of
1680 351 1798 391 Ruth
1834 354 1878 389 to

424 430 498 470 the
518 428 630 468 book
652 428 699 468 of
715 427 739 467 J
746 426 878 478 udges
888 431 912 475 Γ,
936 439 980 464 so
1002 438 1117 464 some
1144 422 1357 463 reckoned
1376 422 1495 462 them
1517 423 1636 473 apart
1666 418 1721 472 by
1741 417 1879 457 them-

427 497 557 537 selves
567 502 593 536 ⁵.

654 494 838 535 Neither
859 493 963 533 (loth
983 493 1038 532 he
1060 495 1265 544 augment
1285 490 1360 530 the
1381 503 1530 537 canon,
1554 488 1591 527 if
1610 491 1653 527 at
1675 500 1757 540 any
1777 485 1881 525 time

425 565 480 605 he
512 562 749 617 produceth
785 576 840 602 an
871 560 1061 613 example
1097 572 1144 599 or
1179 573 1203 598 a
1238 562 1438 598 sentence
1471 560 1546 597 out
1577 555 1624 596 of
1653 555 1727 595 the
1762 553 1884 594 other

427 632 560 673 books
590 632 684 671 that
719 630 876 681 belong
911 632 988 668 not
1020 632 1066 667 to
1098 626 1145 676 it,
1179 626 1239 678 (as
1273 639 1375 665 once
1405 625 1459 665 he
1487 624 1665 664 nameth
1698 621 1883 670 Juditht,

429 700 513 740 and
545 712 648 739 once
676 697 749 737 the
778 696 1055 736 Maccabeesu
1069 695 1097 745 ς)
1133 693 1196 734 for
1222 693 1268 733 in
1296 693 1381 732 like
1413 705 1592 731 manner
1619 689 1886 731 otherwhiles

429 768 484 807 he
505 766 637 807 citeth
659 765 734 805 the
756 763 1011 817 apocryphal
1032 762 1144 802 book
1167 761 1214 802 of
1234 761 1386 813 Esayx,
1410 759 1494 799 and
1515 759 1589 798 the
1610 757 1754 798 fourth
1775 756 1884 796 book

431 835 479 876 of
510 833 702 884 Esdrasy,
735 833 819 874 and
849 833 923 873 the
960 831 1173 884 prophecy
1204 829 1251 870 of
1284 828 1502 877 Henoth,
1535 826 1671 866 which
1702 839 1757 866 no
1787 838 1889 865 man

481 997 492 1013 Υ
518 992 548 1022 S.
559 992 689 1022 Hieron.
702 992 735 1020 in
747 991 873 1030 Prolog.
887 990 1030 1020 Galeato.
1043 988 1133 1028 [Op.,

439 1040 514 1065 tom.
529 1036 571 1064 ix.
588 1035 647 1064 col.
663 1033 955 1065 454.—Qu0m0do
970 1033 1070 1072 igitur
1086 1031 1132 1060 vi-

439 1078 522 1117 ginti
539 1078 601 1106 duo
616 1077 772 1106 elementa
788 1081 873 1112 sunt,
889 1085 944 1115 per
961 1085 1034 1114 quae
1058 1074 1135 1103 scri-

439 1121 546 1149 bimus
568 1119 725 1148 Hebraice
749 1129 842 1148 omne
864 1118 948 1157 quod
963 1117 1135 1156 loquimur,

441 1167 472 1192 et
495 1172 604 1191 eorum
625 1161 726 1190 initiis
746 1170 808 1190 vox
830 1161 973 1190 humana
993 1169 1137 1198 compre-

442 1203 621 1242 henditur‚]
654 1204 698 1232 ita
727 1203 843 1242 viginti
880 1203 942 1231 duo
974 1201 1139 1231 volumina

443 1251 668 1286 supputantur,
696 1244 839 1284 [quibus‚
863 1245 955 1284 quasi
982 1243 1081 1273 literis
1109 1248 1141 1272 et

443 1289 580 1319 exordiis
603 1289 636 1317 in
656 1288 717 1317 Dei
735 1288 887 1322 doctrina,
905 1292 1013 1316 tenera
1035 1286 1139 1315 adhuc

444 1337 474 1361 et
489 1332 610 1361 lactens
628 1331 687 1359 viri
698 1331 779 1369 justi
795 1330 938 1360 eruditur
951 1328 1141 1358 infantia.—

445 1375 527 1404 Vide
544 1384 631 1403 num.
650 1372 734 1411 lxx.]

488 1421 500 1437 s
527 1417 617 1446 Idem
651 1416 680 1445 S.
709 1415 795 1444 Hier.
817 1415 849 1443 in
873 1414 985 1444 codem
1011 1414 1136 1443 Prol.—

447 1459 655 1498 Quamquam
676 1457 822 1487 nonnulli
845 1457 936 1486 Ruth
953 1461 984 1486 et
1000 1456 1141 1486 Chinoth

446 1503 529 1531 inter
553 1499 733 1540 ἁγιόγραφα
756 1499 944 1539 scriptitent,
970 1504 999 1528 et
1023 1499 1079 1528 hos
1103 1498 1140 1527 li-

446 1545 518 1573 bros
537 1544 569 1573 111
594 1554 651 1572 5110
674 1547 787 1582 putent
809 1552 943 1571 numero
967 1546 1144 1581 supputan-

449 1588 523 1616 dos:
547 1597 582 1615 ac
598 1596 654 1625 per
665 1586 724 1614 hoc
741 1595 808 1614 esse
824 1585 936 1624 priscae
951 1584 1031 1623 legis
1046 1585 1144 1613 libros

450 1629 552 1663 xxiv.;
578 1638 657 1667 quos
682 1628 740 1656 sub
763 1637 897 1656 numero
922 1627 1006 1656 xxiv.
1033 1626 1143 1656 Senio-

448 1681 521 1701 rum
539 1670 752 1710 Apocalypsis
762 1669 918 1699 Johannis
933 1669 1056 1698 inducit
1071 1669 1145 1697 ado-

450 1718 555 1744 rantes
580 1713 723 1751 Agnum,
750 1717 780 1741 et
809 1721 939 1741 coronas
970 1721 1043 1740 suas
1073 1721 1147 1749 pro-

452 1756 558 1786 stratis
574 1755 717 1784 vultibus
732 1754 897 1784 offerentes
911 1765 916 1782 z
943 1752 1148 1792 &c.—[Vide

451 1809 542 1829 num.
558 1797 640 1837 lxx]

497 1842 504 1860 ²
528 1840 614 1869 Libr.
637 1840 674 1869 de
693 1839 837 1878 Monog„
854 1849 920 1878 cap.
942 1838 990 1869 17.
1009 1837 1147 1877 [Tertul.

454 1883 492 1912 de
518 1882 735 1921 Monogamia,
757 1892 824 1920 cap.
847 1881 893 1912 17.
914 1891 942 1920 p.
961 1880 1149 1911 688.—Nec

454 1925 567 1955 Judith
591 1925 657 1954 filia
681 1924 810 1961 Mereri,
827 1933 884 1953 nec
902 1927 947 1953 tot
963 1923 1026 1952 alia
1041 1933 1149 1952 exem-

454 1968 508 2008 pla
524 1966 742 2005 Sanctorum.]

500 2017 514 2030 ²²
540 2010 610 2039 Lib.
636 2009 788 2038 adversus
809 2007 895 2043 Jud.‚
919 2018 943 2037 c.
963 2009 990 2037 4.
1014 2006 1060 2046 [p.
1080 2007 1150 2036 210.

456 2052 586 2082 —Nam
614 2057 645 2081 et
669 2051 866 2091 temporibus
892 2050 1153 2079 Machabaeorum

459 2095 606 2124 Sabbatis
642 2094 816 2134 pugnando
848 2093 970 2122 fortiter
1000 2092 1155 2126 fecerunt,

459 2137 534 2177 δια]

503 2179 517 2194 ⁸
544 2179 632 2208 Libr.
656 2179 693 2208 de
719 2178 866 2214 Patient.‚
891 2188 916 2207 c.
946 2178 992 2206 14.
1020 2176 1066 2216 [p.
1085 2177 1153 2206 168.

459 2222 566 2251 —His
580 2221 742 2261 patientiae
754 2221 875 2249 viribus
889 2224 1013 2249 secatur
1030 2219 1154 2255 Esaias,

460 2268 491 2293 et
505 2264 542 2293 de
560 2264 701 2293 Domino
716 2273 779 2292 non
795 2261 905 2301 tacet.]
925 2263 1044 2301 Scorp„
1062 2272 1086 2291 c.
1108 2263 1153 2292 10.

464 2305 644 2345 [Adversus
658 2305 838 2340 Gnosticos‚
853 2305 1031 2343 Scorpiace,
1043 2315 1071 2343 p.
1085 2304 1155 2335 627.

462 2347 605 2376 ..Plane
631 2348 675 2376 ita
700 2347 867 2385 scriptum,
891 2346 966 2385 &c.]
992 2351 1023 2375 et
1050 2346 1155 2375 Carm.

462 2395 571 2419 contra
594 2389 707 2424 Marc„
731 2389 784 2418 lib.
809 2389 852 2418 iii.
878 2399 944 2427 cap.
964 2389 991 2417 6.
1018 2387 1066 2427 [p.
1085 2390 1155 2418 802.

465 2432 581 2461 Incert.
598 2431 740 2461 Auct.-—

507 2474 633 2510 Esaias,
663 2472 806 2512 locuples
834 2476 932 2508 vates,
970 2472 1022 2501 cui
1062 2472 1158 2501 fontis

552 2516 652 2556 aperti

508 2559 588 2588 Tam
618 2557 787 2587 manifesta
816 2556 904 2591 fides,
933 2556 1065 2586 verbum
1098 2557 1160 2586 Dei

552 2611 604 2630 ore
620 2600 778 2639 profudit3

512 2643 686 2682 Longaque
710 2652 765 2681 per
792 2641 960 2671 Christum
986 2641 1090 2671 Patris
1113 2644 1161 2670 est

553 2685 708 2724 promissa
725 2683 883 2720 voluntas,

512 2728 701 2757 Praetestata
716 2727 802 2756 viam
818 2726 903 2762 vitae,
921 2731 1016 2766 atque
1033 2726 1163 2766 probata

551 2779 608 2808 per
624 2770 729 2809 ipsum
747 2773 804 2799 est.

513 2812 620 2844 Quem
651 2811 790 2851 populus
816 2816 939 2841 sectum
969 2811 1067 2850 ligno,
1097 2810 1164 2840 sine

554 2854 624 2884 labe
640 2859 810 2893 repertum,

514 2896 728 2932 Immeritum,
754 2896 884 2925 demens
915 2895 1035 2925 crudeli
1064 2898 1165 2924 morte

553 2938 713 2978 peremit]

512 2986 525 3005 Υ
552 2981 622 3011 Lib.
641 2981 679 3011 de
704 2981 812 3011 Habit.
840 2980 937 3017 Mul„
953 2991 1019 3020 cap.
1045 2981 1072 3010 3.
1099 2978 1166 3018 [De

1196 986 1295 1016 Cultu
1313 984 1544 1020 Foeminarum,
1561 983 1615 1012 lib.
1631 983 1650 1011 i.
1671 991 1697 1012 c.
1716 982 1743 1010 3.
1769 991 1801 1020 p.
1820 978 1887 1010 171.

1194 1029 1344 1057 —Omne
1356 1028 1607 1056 instrumentum
1620 1024 1765 1054 Judaieae
1781 1023 1890 1052 litera-

1195 1076 1275 1101 turae
1293 1080 1348 1109 per
1364 1069 1502 1098 Esdram
1523 1072 1646 1097 constat
1666 1069 1890 1096 restauratum.

1196 1113 1320 1142 —Vide
1344 1112 1417 1141 infr.
1441 1112 1480 1141 ad
1504 1116 1566 1140 not.
1592 1109 1674 1149 seq]
1722 1108 1767 1137 Et
1783 1113 1894 1137 contra

1198 1155 1354 1186 Marcion.
1372 1155 1441 1184 loco
1458 1155 1509 1183 cit.
1529 1152 1668 1192 [Carn1.‚
1688 1151 1741 1180 lib.
1760 1151 1802 1180 iii.
1825 1160 1892 1189 cap.

1200 1201 1227 1229 6.
1245 1208 1315 1237 pag.
1335 1199 1451 1227 803.—

1242 1240 1372 1274 Esdras,
1397 1244 1494 1275 vates,
1519 1237 1599 1276 legis
1623 1237 1738 1272 doctor,
1768 1240 1799 1265 et
1825 1235 1894 1274 ipse

1284 1282 1440 1317 sacerdos,

1244 1325 1310 1356 Qui
1329 1324 1485 1364 populum
1507 1326 1637 1361 captum
1660 1325 1731 1361 post
1753 1324 1896 1359 tempora

1286 1367 1380 1406 plena
1396 1365 1536 1401 reduxit,

1245 1409 1379 1449 Ignibus
1403 1414 1434 1438 et
1462 1408 1564 1437 multa
1588 1410 1777 1445 consumpta
1807 1405 1897 1435 volu-

1286 1452 1383 1487 mina,
1400 1456 1512 1480 vatum

1247 1494 1369 1534 Spiritu
1399 1493 1586 1532 completus,
1621 1491 1754 1521 memori
1791 1490 1899 1520 omnia

1288 1537 1426 1566 reddidit
1442 1546 1503 1565 ore.

1203 1580 1341 1609 —Conf.
1366 1581 1393 1609 4.
1425 1578 1481 1617 (al.
1509 1580 1554 1617 2.)
1582 1577 1673 1607 Esdr.
1703 1577 1767 1606 xiv.
1795 1577 1844 1606 22.
1869 1579 1900 1604 et

1205 1621 1288 1661 seq.]

1249 1669 1259 1681 Ζ
1293 1664 1363 1693 Lib.
1392 1663 1430 1692 de
1461 1661 1655 1697 Idololatria,
1680 1671 1747 1700 cap.
1776 1662 1823 1690 15.
1852 1659 1899 1699 [p.

1209 1706 1429 1736 ilat-Haec
1467 1705 1565 1744 igitur
1594 1705 1632 1733 ab
1662 1703 1752 1733 initio
1786 1703 1901 1742 praevi-

1207 1750 1285 1778 dens
1311 1748 1449 1787 Spiritus
1475 1748 1622 1782 Sanctus,
1646 1747 1742 1775 etiam
1767 1746 1847 1775 ostia
1869 1745 1903 1774 in

1208 1791 1467 1830 superstitionem
1483 1795 1626 1824 ventura,
1643 1789 1828 1828 praececinit
1849 1797 1904 1827 per

1209 1833 1470 1873 antiquissimum
1500 1832 1673 1872 propheten
1702 1829 1844 1869 Enoch]
1874 1834 1905 1860 et

1210 1877 1247 1906 de
1277 1876 1385 1905 Habit.
1421 1875 1518 1911 Mul.‚
1546 1885 1612 1913 cap.
1640 1875 1667 1903 3.
1695 1873 1767 1912 [ubi
1797 1883 1903 1912 supra.

1208 1919 1326 1948 —Scio
1352 1917 1539 1957 scripturam
1566 1917 1691 1952 Enoch,
1720 1926 1793 1955 quae
1818 1916 1904 1944 hunc

1210 1961 1354 1990 ordinem
1387 1960 1508 1999 angelis
1539 1960 1635 1994 dedit,
1665 1968 1729 1987 non
1760 1958 1857 1997 recipi
1888 1968 1906 1987 a

1211 2003 1414 2043 quibusdam,
1436 2003 1490 2042 qui
1514 2012 1571 2031 nec
1592 2002 1626 2030 in
1648 2001 1823 2030 armarium
1845 2000 1905 2029 Ju-

1213 2046 1340 2075 daicum
1364 2045 1552 2075 admittitur.
1600 2044 1732 2083 Opinor,
1758 2053 1821 2072 non
1845 2053 1905 2081 pu-

1213 2092 1362 2118 taverunt
1380 2088 1471 2117 illam
1490 2091 1563 2116 ante
1583 2086 1815 2126 cataclysmum
1840 2085 1905 2114 edi-

1214 2137 1296 2166 tam;
1323 2130 1562 2160 Sca—Perinde
1577 2128 1680 2168 potuit
1700 2128 1909 2158 abolefactam

1214 2184 1285 2204 eam
1315 2173 1466 2203 violentia
1496 2171 1693 2210 cataclysmi,
1722 2170 1756 2200 in
1788 2170 1910 2209 Spiritu.

1214 2226 1324 2246 rursus
1358 2216 1539 2250 reformare,
1571 2213 1840 2253 quemadmodum
1870 2216 1910 2248 et,

1216 2258 1450 2298 Hierosolymis
1476 2256 1654 2296 Babylonia
1676 2255 1912 2295 expugnatione

1216 2301 1340 2338 deletis,
1366 2310 1459 2330 omne
1487 2300 1740 2329 instrumentum
1766 2297 1910 2327 Judaicae

1215 2343 1390 2372 literaturae
1408 2353 1463 2382 per
1480 2342 1616 2371 Esdram
1641 2344 1765 2370 constat
1785 2344 1907 2369 restau-

1216 2390 1331 2415 ratum.
1380 2386 1441 2414 Sed
1456 2394 1529 2414 cum
1546 2384 1659 2413 Enoch
1678 2383 1787 2412 eadem
1804 2382 1911 2421 Scrip-

1216 2433 1289 2456 tura
1315 2428 1411 2456 etiam
1439 2427 1477 2456 de
1508 2426 1648 2455 Domino
1675 2425 1869 2464 praedicavit,
1896 2434 1914 2453 a

1218 2470 1307 2498 nobis
1339 2469 1467 2508 quidem
1496 2468 1574 2497 nihil
1605 2468 1735 2496 omnino
1765 2467 1912 2505 rejicien-

1218 2512 1296 2540 dum
1319 2517 1376 2547 est,
1402 2510 1486 2550 quod
1512 2510 1667 2549 pertineat
1689 2509 1727 2538 ad
1756 2518 1822 2537 nos.
1870 2508 1916 2537 Et

1217 2554 1356 2592 legimus
1396 2563 1523 2582 omnem
1566 2552 1766 2590 Scripturam
1811 2550 1911 2580 aedifi-

1219 2596 1336 2625 cationi
1358 2595 1497 2625 habilem
1522 2594 1675 2624 divinitus
1699 2593 1866 2632 inspirari:
1898 2602 1916 2622 a

1219 2638 1343 2668 Judaeis
1364 2642 1468 2678 potest
1483 2638 1551 2676 jam
1567 2637 1667 2666 videri
1686 2641 1851 2675 propterea
1867 2645 1913 2663 re-

1217 2682 1313 2720 jecta,
1333 2681 1415 2709 sicut
1431 2685 1462 2710 et
1482 2684 1597 2709 caetera
1619 2679 1694 2715 fere,
1713 2688 1784 2717 quae
1803 2677 1914 2707 Chris-

1222 2728 1291 2753 tum
1311 2726 1432 2752 sonant.
1479 2722 1548 2751 Nec
1570 2721 1681 2760 utique
1704 2721 1822 2750 mirum
1846 2720 1917 2755 hoc,

1223 2766 1250 2795 si
1266 2766 1439 2805 scripturas
1454 2765 1577 2804 aliquas
1594 2772 1657 2793 non
1677 2767 1863 2801 receperunt
1880 2761 1918 2790 de

1224 2818 1259 2838 eo
1286 2808 1418 2844 locutas,
1439 2817 1534 2846 quem
1556 2811 1586 2835 et
1610 2807 1715 2845 ipsum
1740 2814 1846 2833 coram
1870 2803 1917 2832 lo—

1224 2855 1375 2890 quentem
1393 2860 1455 2878 non
1477 2853 1566 2878 erant
1587 2847 1752 2886 recepturi.
1800 2847 1849 2876 Eo
1866 2856 1918 2875 ac-

1225 2893 1313 2928 cidit,
1328 2892 1414 2931 quod
1429 2891 1541 2920 Enoch
1553 2890 1636 2929 apud
1648 2890 1767 2919 Judam
1780 2888 1919 2928 Aposto-

1227 2936 1296 2965 lum
1313 2934 1529 2964 testimonium
1546 2931 1718 2972 possidet.]
