1987 3244
370 223 425 261 92
807 221 845 259 Α
870 220 1142 259 Scholastical
1161 219 1334 269 History
1356 217 1404 269 of

174 331 198 359 C
214 330 244 359 H
260 330 289 359 A
302 330 336 359 P.
370 327 417 367 of
428 326 500 367 the
516 326 668 379 KingS,
687 326 838 379 (which
854 326 907 365 he
924 325 1078 365 66116111
1094 324 1159 364 1118
1178 323 1368 364 “Α11116(1
1384 320 1646 374 Prologue,'')
1666 320 1823 371 having

368 394 599 434 recounted
620 393 741 433 those
762 393 907 442 books,
930 393 994 432 for
1014 393 1087 432 the
1115 392 1215 445 only
1237 395 1331 430 true
1354 390 1438 430 and
1460 388 1679 429 authentic
1708 391 1822 440 parts

370 462 417 501 of
451 461 524 501 the
556 461 639 501 Old
672 461 932 508 Testament,
964 459 1100 499 which
1131 472 1191 498 we
1223 458 1289 507 do,
1321 458 1375 497 116
1406 455 1631 497 excludeth
1663 455 1718 494 all
1749 454 1823 493 the

227 372 284 402 VI.

369 533 456 569 rest
485 529 594 569 from
625 528 698 568 the
730 542 866 568 canon
898 527 945 567 of
968 527 1042 566 the
1076 526 1305 578 Scripture.

1383 527 1421 565 2.
1456 525 1510 564 In
1540 524 1605 563 his
1636 522 1823 575 prefacey

370 596 511 636 before
541 595 614 635 the
650 595 782 635 books
813 594 861 633 of
893 594 1107 643 Solomon,
1139 593 1192 632 he
1229 591 1580 644 acknovvledgeth
1610 604 1666 630 no
1698 589 1823 628 other

369 662 481 703 book
503 667 547 702 to
568 662 621 702 be
643 662 874 710 canonical,
896 661 974 701 but
996 660 1108 700 what
1139 660 1192 699 he
1223 659 1307 699 had
1330 658 1564 699 translated
1586 661 1661 698 out
1683 657 1730 696 of
1750 656 1824 696 the

372 729 556 769 Hebrew
586 729 722 769 Bible.

796 730 834 768 3.
868 729 923 768 In
955 727 1133 768 another
1163 727 1211 767 of
1235 727 1299 766 his
1330 727 1576 779 prologuesz
1605 739 1721 778 upon
1751 724 1825 763 the

371 811 485 837 same
506 797 654 846 books,
685 797 738 836 he
770 796 927 836 addeth
957 796 1056 835 thus
1087 795 1215 835 much
1242 799 1288 835 to
1312 795 1386 835 the
1407 793 1730 841 formem—that
1751 791 1825 831 the

372 864 558 913 Church,
588 863 755 912 indeed,
786 863 963 902 readeth
993 862 1065 902 the
1096 861 1287 914 writings
1319 861 1365 901 of
1390 860 1528 908 Tobit,
1552 858 1717 907 Judith,
1740 856 1825 897 and

371 932 444 971 the
466 932 731 979 Maccabees,
754 931 831 971 but
853 930 947 970 that
975 930 1059 969 She
1091 929 1194 969 doth
1215 933 1290 969 not
1320 928 1479 968 receive
1500 928 1619 967 them
1639 927 1731 966 into
1752 925 1826 965 the

371 998 553 1038 number
590 999 638 1038 of
667 998 886 1038 canonica]
920 997 1185 1050 Scriptures3
1232 996 1315 1036 and
1351 996 1445 1036 that
1480 995 1553 1035 the
1588 994 1745 1034 booksa
1783 992 1832 1032 of

370 1064 567 1104 Wisdom
597 1064 682 1104 and
712 1064 1033 1104 Ecclesiasticus
1073 1078 1143 1104 are
1179 1065 1240 1117 (or
1280 1063 1414 1116 ought
1444 1068 1489 1103 to
1519 1062 1586 1115 be)
1630 1061 1731 1102 read
1761 1061 1826 1100 for

371 1186 475 1221 titent,
491 1190 522 1216 et
544 1187 642 1216 libros
665 1187 723 1216 hos
746 1186 779 1215 in
803 1196 860 1216 suo
875 1190 989 1226 putent
1006 1197 1066 1216 nu-

372 1239 458 1258 mero
489 1229 721 1268 supputandos,
754 1239 789 1258 ac
828 1239 882 1267 per
912 1229 971 1258 hoc
1001 1238 1069 1258 esse

370 1271 484 1310 priscae
515 1271 596 1310 legis
635 1271 732 1300 libros
769 1270 884 1309 viginti
914 1275 1068 1310 quatuor3

371 1323 461 1352 quos,
475 1314 532 1342 sub
546 1323 679 1342 numero
691 1312 776 1342 xxiV.
794 1313 967 1348 seniorum,
979 1313 1067 1352 Apo-

371 1356 509 1394 calypsis
538 1356 694 1384 Joliannis
731 1355 855 1384 inducit
886 1354 1070 1394 [adorantes

372 1398 516 1436 Agnum,
533 1402 563 1427 et
577 1408 708 1426 coronas
724 1407 798 1426 suas
816 1398 981 1436 prostratis
997 1397 1064 1426 vul-

371 1440 457 1468 tibus
473 1439 655 1469 offerentes:
683 1440 838 1468 stantibus
863 1450 969 1469 coram
990 1450 1068 1478 qua-

371 1486 442 1510 tuor
453 1482 645 1511 animalibus
656 1481 790 1510 oculatis
803 1486 833 1510 et
845 1486 927 1511 retro
940 1486 970 1510 61
987 1487 1069 1516 61116,

372 1524 404 1552 id
421 1528 478 1555 est,
496 1529 525 1553 et
541 1524 574 1552 in
594 1524 790 1563 praeteritum
815 1528 846 1553 et
867 1524 900 1553 in
924 1524 1070 1553 futurum

370 1566 622 1605 respicientibus,
649 1570 680 1595 et
709 1566 867 1594 indefessa
896 1576 973 1595 voce
1003 1566 1068 1595 cla-

372 1608 547 1644 mantibus,
572 1608 719 1642 Sanetus,
746 1608 892 1643 Sanctus,
922 1608 1069 1643 Sanctus,

372 1650 535 1679 Dominus
560 1650 649 1678 Deus
675 1649 896 1688 Omnipotens,
914 1650 969 1689 qui
993 1654 1069 1685 erat,

373 1696 404 1721 et
420 1692 475 1731 qui
498 1696 554 1726 est,
574 1696 605 1721 et
628 1692 683 1730 qui
707 1697 859 1720 venturus
883 1691 957 1731 est.]
1007 1692 1070 1721 Hic

374 1733 529 1772 Prologus
542 1734 790 1773 Scripturarum‚
801 1734 892 1772 quasi
909 1734 1071 1772 galeatum

372 1776 577 1815 principium,
606 1776 754 1805 omnibus
784 1775 884 1812 libris,
916 1786 994 1815 quos
1033 1776 1071 1805 de

374 1818 513 1847 Hebraeo
536 1818 691 1847 vertimus
714 1818 746 1847 in
771 1818 937 1853 Latinum,
955 1828 1069 1847 conve*

373 1861 441 1889 nire
465 1865 585 1899 potest:
620 1864 655 1889 ut
678 1860 758 1889 scire
780 1860 956 1895 valeamus,
979 1860 1069 1899 quic-

374 1902 450 1941 quid
467 1907 556 1931 extra
571 1903 629 1932 hos
646 1906 701 1937 est,
719 1902 802 1931 inter
824 1901 988 1941 ἀπόκρυφα
1004 1912 1072 1931 6886

373 1945 567 1983 ponendum.
629 1944 736 1982 Igitur
767 1944 838 1983 Sap.
871 1954 942 1983 quae
974 1944 1071 1982 vulgo

375 1986 554 2016 Salomonis
585 1986 781 2021 inscribitur,
810 1991 841 2016 et
870 1985 982 2025 [Jesu]
1014 1986 1071 2015 filii

375 2028 485 2058 Sirach
512 2029 602 2062 liber,
631 2033 662 2057 et
687 2029 811 2064 Judith,
836 2033 867 2058 61
890 2029 1016 2064 Tobias,
1042 2032 1072 2058 et

374 2071 495 2106 Pastor,
512 2081 574 2100 non
591 2074 667 2100 sunt
682 2071 715 2100 in
739 2081 870 2100 canone.
916 2070 1069 2109 [Macha-

372 2112 517 2142 baeorum
549 2113 688 2151 primum
723 2113 841 2142 librum
876 2113 1071 2142 Hebraicum

374 2155 484 2193 reperi.
533 2155 698 2184 Secundus
723 2155 856 2184 Graeeus
889 2160 953 2188 est:
987 2155 1072 2194 quod

373 2206 413 2225 ex
435 2197 503 2235 ipsa
525 2207 651 2235 quoque
675 2195 787 2235 φράσει
810 2197 935 2236 probari
958 2201 1071 2235 potest.

377 2238 460 2268 Quae
485 2248 559 2267 cum
582 2239 627 2267 ita
650 2249 682 2267 se
706 2239 853 2275 habeant,
879 2240 1007 2268 obsecro
1031 2244 1071 2275 te,

376 2279 501 2315 Lector,
530 2290 569 2308 ne
599 2279 738 2309 laborem
768 2291 878 2309 meum
907 2281 1074 2319 reprehen-

376 2324 498 2351 sionem
515 2322 653 2350 aestimes
669 2322 883 2360 antiquorum,
904 2322 978 2361 &c.]

421 2367 437 2390 y
462 2363 577 2398 Idem„
607 2363 690 2392 Prol.
722 2364 753 2392 in
784 2364 853 2393 libr.
886 2364 1003 2394 Salom.
1035 2364 1074 2393 ad

377 2405 468 2434 Paul.
490 2410 521 2434 et
537 2405 690 2434 Eustoch.
711 2404 813 2444 [Prol.
836 2406 875 2434 ad
898 2406 1073 2435 versionem

373 2447 467 2485 juxta
482 2447 547 2476 lxx.
565 2452 639 2477 tom.
654 2457 684 2476 x.
699 2447 756 2476 601.
768 2447 964 2476 435.--Tres
978 2447 1074 2477 libros

379 2489 570 2525 Salomonis,
597 2489 628 2518 id
658 2494 716 2525 est,
747 2489 928 2525 Proverbia,
957 2489 1072 2519 Eccle-

379 2531 505 2567 siasten,
532 2531 703 2560 Canticum
733 2531 950 2568 Canticorum,
976 2532 1073 2561 veteri

379 2573 590 2613 Septuaginta
633 2573 849 2613 Interpretum
891 2574 1073 2603 auctoritati

377 2616 510 2651 reddidi,
527 2616 577 2645 vel
594 2616 777 2655 antepositis
796 2616 888 2645 lineis
903 2620 945 2651 ÷
962 2625 1072 2653 super-

378 2657 443 2687 flua
456 2658 603 2696 quaedam
616 2658 796 2697 designans,
808 2658 858 2688 vel
875 2658 974 2687 stellis
991 2659 1016 2687 >k
1032 2658 1072 2687 ti-

380 2699 448 2728 tulo
478 2700 661 2738 praenotatis
691 2711 727 2730 ea
750 2710 822 2740 quae
846 2700 953 2729 minus
976 2700 1072 2730 habe-

378 2742 494 2771 bantur
529 2742 740 2771 interserens:
779 2752 842 2782 quo
876 2742 1014 2782 plenius,
1046 2742 1073 2771 O

380 2783 482 2813 Paula
498 2788 528 2813 et
544 2784 768 2820 Eustochium,
781 2785 988 2824 cognoscatis,
999 2785 1075 2824 quid

379 2825 412 2854 in
430 2826 518 2855 libris
533 2826 648 2855 nostris
664 2827 771 2856 minus
796 2828 845 2862 sit,
864 2827 939 2866 quid
956 2828 1073 2856 redun-

380 2868 440 2898 det.
488 2868 622 2897 Necnon
645 2870 740 2898 etiam
763 2869 829 2905 illa,
848 2879 918 2908 quae
935 2869 1075 2908 imperiti

379 2910 582 2939 translatores
605 2910 689 2940 male
711 2911 743 2940 in
765 2911 911 2951 linquam
935 2916 1075 2941 nostram

380 2952 417 2981 de
434 2952 549 2982 Graeco
566 2963 708 2982 sermone
724 2958 891 2989 verterant,
908 2954 1075 2984 obliterans

1128 1190 1159 1216 et
1174 1187 1357 1225 antiquans,
1374 1185 1591 1215 curiosissima
1606 1184 1739 1214 veritate
1756 1193 1823 1212 cor-

1127 1229 1204 1258 rexi.
1245 1229 1298 1264 Et,
1315 1229 1370 1258 ubi
1386 1232 1577 1267 praepostero
1600 1226 1708 1255 ordine
1730 1230 1825 1264 atque

1128 1281 1275 1310 perverso
1316 1270 1546 1299 sententiarum
1578 1269 1682 1298 fuerat
1716 1268 1826 1297 lumen

1129 1319 1285 1351 ereptum,
1301 1313 1366 1341 suis
1388 1312 1466 1341 locis
1489 1311 1667 1345 restituens,
1692 1310 1752 1339 feci
1774 1310 1823 1338 in-

1129 1355 1232 1394 telligi
1249 1355 1334 1394 quod
1350 1353 1495 1393 latebat]
1530 1354 1627 1383 Porro
1639 1353 1669 1382 in
1683 1362 1718 1382 eo
1734 1352 1824 1387 libro,

1130 1398 1184 1436 qui
1216 1408 1233 1426 a
1262 1397 1421 1436 plerisque
1450 1395 1612 1435 Sapientia
1645 1394 1825 1424 Salomonis

1128 1440 1322 1474 inscribitur,
1349 1444 1380 1469 et
1404 1440 1437 1468 in
1465 1437 1703 1473 Ecclesiastico,
1729 1447 1826 1476 quem

1129 1491 1197 1511 esse
1223 1482 1301 1511 Jesu
1326 1481 1382 1510 filii
1415 1481 1524 1510 Sirach
1555 1480 1663 1509 nullus
1691 1480 1825 1518 ignorat,

1129 1524 1290 1553 calamum
1304 1523 1460 1562 [calamo]
1474 1522 1662 1561 temperavi:
1682 1526 1824 1551 tantum-

1128 1566 1223 1595 modo
1240 1566 1407 1595 canonicas
1420 1566 1599 1604 Scripturas
1615 1564 1703 1594 vobis
1718 1573 1826 1592 emen-

1130 1607 1202 1637 dare
1219 1608 1410 1644 desiderans,
1428 1612 1458 1637 et
1473 1607 1617 1636 studium
1633 1616 1741 1635 meum
1758 1616 1825 1635 cer-

1130 1650 1182 1685 tis,
1199 1651 1303 1688 magis
1319 1660 1416 1689 quam
1433 1649 1547 1683 dubiiS,
1564 1648 1794 1678 commendare.

1174 1691 1188 1704 z
1215 1692 1328 1727 Idem„
1360 1691 1444 1720 Prol.
1474 1691 1506 1720 in
1536 1691 1604 1719 libr.
1639 1690 1755 1719 Saloni.
1787 1690 1827 1719 ad

1131 1734 1295 1764 Chromat.
1322 1738 1352 1763 et
1384 1733 1512 1762 Heliod.
1540 1732 1643 1771 [Prol.
1676 1732 1714 1761 ad
1746 1742 1825 1761 vers.

1125 1776 1222 1815 juxta
1237 1776 1344 1810 Hebr„
1356 1780 1431 1805 tom.
1443 1775 1484 1804 ix.
1500 1775 1557 1804 col.
1574 1774 1827 1804 1293.--Fertur

1130 1823 1161 1847 et
1183 1817 1354 1856 πανάρετος
1376 1818 1454 1847 Jesu
1475 1817 1531 1846 filii
1557 1816 1668 1846 Sirach
1691 1816 1777 1851 liber,
1796 1822 1828 1845 et

1129 1860 1210 1889 alius
1221 1859 1480 1899 ψευδεπίγραφος,
1493 1859 1548 1899 qui
1560 1859 1721 1898 Sapientia
1736 1858 1826 1887 Salo-

1128 1903 1232 1931 monis
1262 1902 1454 1932 inscribitur.
1510 1902 1659 1933 Quorum
1689 1901 1827 1940 priorem

1130 1944 1327 1974 Hebraicum
1344 1944 1455 1983 reperi,
1477 1954 1540 1973 non
1561 1943 1826 1973 Ecclesiasticum

1131 1986 1182 2025 (ut
1198 1987 1282 2025 apud
1294 1986 1441 2024 Latinos)
1455 1986 1508 2016 sed
1521 1986 1691 2015 Parabolas
1702 1995 1825 2024 praeno-

1129 2033 1248 2063 tatum;
1288 2029 1339 2058 cui
1365 2029 1471 2068 juncti
1497 2034 1587 2057 erant
1616 2027 1828 2057 Ecclesiastes

1131 2075 1162 2100 et
1187 2071 1358 2100 Canticum
1383 2071 1600 2105 Canticorum,
1618 2074 1653 2099 ut
1676 2069 1827 2098 similitu-

1131 2113 1237 2142 dinem
1255 2113 1444 2149 Salomonis,
1460 2123 1524 2142 non
1546 2112 1651 2142 solum
1673 2111 1828 2140 librorum

1130 2165 1274 2192 numero,
1291 2156 1346 2185 sed
1362 2156 1457 2185 etiam
1475 2155 1678 2184 materiarum
1702 2159 1832 2192 genere,

1131 2202 1321 2236 coaequaret.
1375 2198 1541 2227 Secundus
1565 2197 1651 2237 apud
1676 2196 1830 2225 Hebraeos

1131 2250 1289 2279 nusquam
1306 2244 1363 2275 est,
1380 2240 1454 2279 quia
1470 2244 1500 2269 et
1521 2240 1589 2279 ipse
1614 2239 1717 2278 stylus
1735 2239 1828 2268 Grae-

1133 2292 1203 2311 cam
1228 2283 1443 2321 eloquentiam
1466 2282 1601 2311 redolet:
1628 2286 1659 2310 et
1681 2280 1829 2309 nonnulli

1133 2324 1323 2362 scriptorum
1349 2329 1491 2353 veterum
1519 2324 1604 2353 hunc
1628 2333 1696 2352 esse
1720 2322 1829 2351 Judaei

1134 2365 1279 2395 Philonis
1293 2366 1462 2395 affirmant.
1491 2366 1582 2395 Sicut
1597 2364 1686 2404 ergo]
1702 2364 1827 2398 Judith,

1133 2411 1163 2436 et
1186 2408 1276 2443 Tobi,
1293 2412 1324 2436 et
1347 2408 1609 2437 Maehabaeorum
1631 2407 1727 2436 libros
1751 2406 1830 2445 legit

1133 2449 1263 2487 quidem
1290 2449 1447 2485 Ecclesia,
1473 2450 1527 2478 sed
1555 2450 1637 2478 inter
1660 2448 1829 2478 canonicas

1134 2490 1312 2529 Scripturas
1327 2501 1390 2519 non
1405 2491 1526 2529 recipit,
1547 2490 1609 2529 [sic
1632 2495 1662 2519 et
1680 2491 1749 2519 haec
1767 2490 1828 2518 duo

1132 2532 1295 2561 volumina
1310 2532 1396 2571 legat
1410 2533 1449 2562 ad
1460 2533 1703 2561 aedificationem
1716 2531 1828 2570 plebis,

1132 2584 1195 2603 non
1219 2575 1258 2603 ad
1281 2575 1500 2603 auctoritatem
1527 2573 1828 2604 Ecclesiasticoruin

1134 2617 1320 2655 dogmatum
1335 2616 1595 2646 confirmandam.
1638 2616 1671 2644 Si
1688 2615 1739 2645 cui
1752 2625 1828 2645 sane

1135 2658 1344 2697 Septuaginta
1368 2659 1583 2698 Interpretum
1607 2658 1711 2696 magis
1734 2657 1829 2686 editio

1133 2700 1247 2739 placet,
1265 2701 1360 2729 habet
1374 2711 1444 2730 eam
1463 2711 1481 2730 a
1502 2700 1593 2729 nobis
1617 2700 1694 2729 olim
1719 2709 1828 2729 emen-

1134 2742 1250 2772 datam.
1283 2742 1396 2781 Neque
1411 2742 1496 2771 enim
1513 2743 1558 2771 sic
1571 2752 1653 2772 nova
1667 2742 1827 2778 cudimus,

1134 2789 1170 2814 ut
1185 2790 1290 2814 vetera
1305 2784 1534 2824 destruamus]

1177 2831 1188 2844 ⁰
1212 2827 1392 2856 ibid—Sic
1420 2831 1451 2856 et
1475 2827 1543 2856 haec
1568 2827 1631 2856 duo
1664 2826 1829 2855 volumina

1133 2869 1219 2908 legat
1241 2869 1281 2898 ad
1304 2869 1548 2898 aedificationem
1571 2868 1682 2908 plebis,
1702 2878 1765 2897 non
1789 2868 1829 2897 ad

1133 2911 1351 2940 auctoritatem
1376 2911 1676 2940 Ecclesiasticorum
1699 2911 1830 2949 dogma-

1134 2957 1202 2983 tum
1219 2954 1478 2983 confirmandam.
1527 2953 1625 2992 [Vide
1642 2952 1747 2992 supr.]
