<?xml version="1.0" encoding="UTF-8"?>
<!DOCTYPE html PUBLIC "-//W3C//DTD XHTML 1.0 Transitional//EN"
    "http://www.w3.org/TR/xhtml1/DTD/xhtml1-transitional.dtd">
<html xmlns="http://www.w3.org/1999/xhtml" xml:lang="en" lang="en">
 <head>
  <title>
</title>
<meta http-equiv="Content-Type" content="text/html;charset=utf-8" />
  <meta name='ocr-system' content='tesseract 3.04.00' />
  <meta name='ocr-capabilities' content='ocr_page ocr_carea ocr_par ocr_line ocrx_word'/>
</head>
<body>
  <div class='ocr_page' id='page_1' title='image "./considerationesm01forbuoft_0233.png"; bbox 0 0 1987 3244; ppageno 0'>
   <div class='ocr_carea' id='block_1_1' title="bbox 512 240 1161 293">
    <p class='ocr_par' dir='ltr' id='par_1_1' title="bbox 512 240 1161 293">
     <span class='ocr_line' id='line_1_1' title="bbox 512 240 1161 293; baseline -0.006 -10"><span class='ocrx_word' id='word_1_1' title='bbox 512 244 578 284; x_wconf 77' lang='lat' dir='ltr'>the</span> <span class='ocrx_word' id='word_1_2' title='bbox 602 243 740 282; x_wconf 78' lang='lat' dir='ltr'>Canon</span> <span class='ocrx_word' id='word_1_3' title='bbox 760 240 810 293; x_wconf 86' lang='lat' dir='ltr'>of</span> <span class='ocrx_word' id='word_1_4' title='bbox 822 242 889 281; x_wconf 67' lang='lat' dir='ltr'>tlte</span> <span class='ocrx_word' id='word_1_5' title='bbox 911 240 1161 292; x_wconf 64' lang='lat' dir='ltr'>Scripturas.</span> 
     </span>
    </p>
   </div>
   <div class='ocr_carea' id='block_1_2' title="bbox 1486 241 1565 280">
    <p class='ocr_par' dir='ltr' id='par_1_2' title="bbox 1486 241 1565 280">
     <span class='ocr_line' id='line_1_2' title="bbox 1486 241 1565 280; baseline 0 0"><span class='ocrx_word' id='word_1_6' title='bbox 1486 241 1565 280; x_wconf 81' lang='lat'>175</span> 
     </span>
    </p>
   </div>
   <div class='ocr_carea' id='block_1_3' title="bbox 106 347 1569 544">
    <p class='ocr_par' dir='ltr' id='par_1_3' title="bbox 106 347 1569 544">
     <span class='ocr_line' id='line_1_3' title="bbox 106 347 1567 402; baseline -0.004 -7"><span class='ocrx_word' id='word_1_7' title='bbox 106 353 192 395; x_wconf 87' lang='lat' dir='ltr'>had</span> <span class='ocrx_word' id='word_1_8' title='bbox 218 351 409 393; x_wconf 82' lang='lat' dir='ltr'>received</span> <span class='ocrx_word' id='word_1_9' title='bbox 438 350 594 400; x_wconf 85' lang='lat' dir='ltr'>before,</span> <span class='ocrx_word' id='word_1_10' title='bbox 616 349 712 390; x_wconf 88' lang='lat' dir='ltr'>that</span> <span class='ocrx_word' id='word_1_11' title='bbox 742 349 777 390; x_wconf 89' lang='lat' dir='ltr'>is</span> <span class='ocrx_word' id='word_1_12' title='bbox 808 352 853 389; x_wconf 93' lang='lat' dir='ltr'>to</span> <span class='ocrx_word' id='word_1_13' title='bbox 885 362 971 402; x_wconf 83' lang='lat' dir='ltr'>say,</span> <span class='ocrx_word' id='word_1_14' title='bbox 994 348 1142 388; x_wconf 90' lang='lat' dir='ltr'>twelve</span> <span class='ocrx_word' id='word_1_15' title='bbox 1172 347 1390 388; x_wconf 83' lang='lat' dir='ltr'>historical</span> <span class='ocrx_word' id='word_1_16' title='bbox 1419 347 1567 398; x_wconf 86' lang='lat' dir='ltr'>books,</span> 
     </span>
     <span class='ocr_line' id='line_1_4' title="bbox 107 416 1569 475; baseline -0.004 -12"><span class='ocrx_word' id='word_1_17' title='bbox 107 424 188 463; x_wconf 87' lang='lat' dir='ltr'>five</span> <span class='ocrx_word' id='word_1_18' title='bbox 218 419 493 475; x_wconf 86' lang='lat' dir='ltr'>prophetical,</span> <span class='ocrx_word' id='word_1_19' title='bbox 527 419 623 459; x_wconf 86' lang='lat' dir='ltr'>four</span> <span class='ocrx_word' id='word_1_20' title='bbox 654 418 701 458; x_wconf 88' lang='lat' dir='ltr'>of</span> <span class='ocrx_word' id='word_1_21' title='bbox 722 417 914 459; x_wconf 73' lang='lat' dir='ltr'>doctrine</span> <span class='ocrx_word' id='word_1_22' title='bbox 947 416 1031 457; x_wconf 83' lang='lat' dir='ltr'>and</span> <span class='ocrx_word' id='word_1_23' title='bbox 1066 416 1337 466; x_wconf 76' lang='lat' dir='ltr'>instruction,</span> <span class='ocrx_word' id='word_1_24' title='bbox 1371 416 1455 456; x_wconf 88' lang='lat' dir='ltr'>and</span> <span class='ocrx_word' id='word_1_25' title='bbox 1489 431 1569 457; x_wconf 90' lang='lat' dir='ltr'>one</span> 
     </span>
     <span class='ocr_line' id='line_1_5' title="bbox 109 484 1569 544; baseline -0.005 -14"><span class='ocrx_word' id='word_1_26' title='bbox 109 490 157 531; x_wconf 92' lang='lat' dir='ltr'>of</span> <span class='ocrx_word' id='word_1_27' title='bbox 185 488 431 544; x_wconf 78' lang='lat' dir='ltr'>psalmody3</span> <span class='ocrx_word' id='word_1_28' title='bbox 465 487 520 528; x_wconf 88' lang='lat' dir='ltr'>all</span> <span class='ocrx_word' id='word_1_29' title='bbox 550 485 686 527; x_wconf 84' lang='lat' dir='ltr'>which</span> <span class='ocrx_word' id='word_1_30' title='bbox 716 486 770 527; x_wconf 88' lang='lat' dir='ltr'>he</span> <span class='ocrx_word' id='word_1_31' title='bbox 801 485 978 526; x_wconf 87' lang='lat' dir='ltr'>nameth</span> <span class='ocrx_word' id='word_1_32' title='bbox 1008 484 1054 524; x_wconf 91' lang='lat' dir='ltr'>in</span> <span class='ocrx_word' id='word_1_33' title='bbox 1084 484 1352 538; x_wconf 72' lang='lat' dir='ltr'>particularp,</span> <span class='ocrx_word' id='word_1_34' title='bbox 1390 484 1569 524; x_wconf 79' lang='lat' dir='ltr'>without</span> 
     </span>
    </p>
   </div>
   <div class='ocr_carea' id='block_1_4' title="bbox 107 555 826 610">
    <p class='ocr_par' dir='ltr' id='par_1_4' title="bbox 107 555 826 610">
     <span class='ocr_line' id='line_1_6' title="bbox 107 555 826 610; baseline -0.006 -12"><span class='ocrx_word' id='word_1_35' title='bbox 107 557 287 610; x_wconf 82' lang='lat' dir='ltr'>making</span> <span class='ocrx_word' id='word_1_36' title='bbox 307 556 501 596; x_wconf 87' lang='lat' dir='ltr'>mention</span> <span class='ocrx_word' id='word_1_37' title='bbox 523 555 571 596; x_wconf 86' lang='lat' dir='ltr'>of</span> <span class='ocrx_word' id='word_1_38' title='bbox 586 569 669 609; x_wconf 85' lang='lat' dir='ltr'>any</span> <span class='ocrx_word' id='word_1_39' title='bbox 691 555 826 595; x_wconf 90' lang='lat' dir='ltr'>other.</span> 
     </span>
    </p>
   </div>
   <div class='ocr_carea' id='block_1_5' title="bbox 889 552 1575 594">
    <p class='ocr_par' dir='ltr' id='par_1_5' title="bbox 889 552 1575 594">
     <span class='ocr_line' id='line_1_7' title="bbox 889 552 1575 594; baseline -0.003 0"><span class='ocrx_word' id='word_1_40' title='bbox 889 553 991 594; x_wconf 90' lang='lat' dir='ltr'>And</span> <span class='ocrx_word' id='word_1_41' title='bbox 1011 553 1222 594; x_wconf 87' lang='lat' dir='ltr'>therefore</span> <span class='ocrx_word' id='word_1_42' title='bbox 1246 552 1320 592; x_wconf 89' lang='lat' dir='ltr'>the</span> <span class='ocrx_word' id='word_1_43' title='bbox 1349 556 1507 592; x_wconf 87' lang='lat' dir='ltr'>master</span> <span class='ocrx_word' id='word_1_44' title='bbox 1528 553 1575 592; x_wconf 87' lang='lat' dir='ltr'>of</span> 
     </span>
    </p>
   </div>
   <div class='ocr_carea' id='block_1_6' title="bbox 103 619 1569 1084">
    <p class='ocr_par' dir='ltr' id='par_1_6' title="bbox 103 619 1569 1084">
     <span class='ocr_line' id='line_1_8' title="bbox 106 619 1568 677; baseline -0.005 -11"><span class='ocrx_word' id='word_1_45' title='bbox 106 626 181 666; x_wconf 88' lang='lat' dir='ltr'>the</span> <span class='ocrx_word' id='word_1_46' title='bbox 203 624 353 677; x_wconf 83' lang='lat' dir='ltr'>Pope&#39;s</span> <span class='ocrx_word' id='word_1_47' title='bbox 375 623 520 677; x_wconf 87' lang='lat' dir='ltr'>palace</span> <span class='ocrx_word' id='word_1_48' title='bbox 545 627 588 663; x_wconf 89' lang='lat' dir='ltr'>at</span> <span class='ocrx_word' id='word_1_49' title='bbox 607 623 742 663; x_wconf 87' lang='lat' dir='ltr'>Rome</span> <span class='ocrx_word' id='word_1_50' title='bbox 762 622 797 662; x_wconf 91' lang='lat' dir='ltr'>is</span> <span class='ocrx_word' id='word_1_51' title='bbox 819 635 919 675; x_wconf 84' lang='lat' dir='ltr'>very</span> <span class='ocrx_word' id='word_1_52' title='bbox 941 636 1075 675; x_wconf 85' lang='lat' dir='ltr'>angry</span> <span class='ocrx_word' id='word_1_53' title='bbox 1096 621 1200 661; x_wconf 90' lang='lat' dir='ltr'>with</span> <span class='ocrx_word' id='word_1_54' title='bbox 1219 620 1304 660; x_wconf 89' lang='lat' dir='ltr'>this</span> <span class='ocrx_word' id='word_1_55' title='bbox 1326 634 1502 673; x_wconf 81' lang='lat' dir='ltr'>passage</span> <span class='ocrx_word' id='word_1_56' title='bbox 1523 619 1568 660; x_wconf 87' lang='lat' dir='ltr'>in</span> 
     </span>
     <span class='ocr_line' id='line_1_9' title="bbox 108 688 1569 745; baseline -0.004 -11"><span class='ocrx_word' id='word_1_57' title='bbox 108 693 331 743; x_wconf 81' lang='lat' dir='ltr'>Leontius,</span> <span class='ocrx_word' id='word_1_58' title='bbox 355 692 440 733; x_wconf 84' lang='lat' dir='ltr'>and</span> <span class='ocrx_word' id='word_1_59' title='bbox 461 691 635 745; x_wconf 90' lang='lat' dir='ltr'>putteth</span> <span class='ocrx_word' id='word_1_60' title='bbox 661 691 752 731; x_wconf 88' lang='lat' dir='ltr'>him</span> <span class='ocrx_word' id='word_1_61' title='bbox 773 690 864 731; x_wconf 88' lang='lat' dir='ltr'>into</span> <span class='ocrx_word' id='word_1_62' title='bbox 892 690 957 730; x_wconf 92' lang='lat' dir='ltr'>his</span> <span class='ocrx_word' id='word_1_63' title='bbox 985 690 1284 743; x_wconf 86' lang='lat' dir='ltr'>Expurgatory</span> <span class='ocrx_word' id='word_1_64' title='bbox 1306 689 1444 729; x_wconf 82' lang='lat' dir='ltr'>Index</span> <span class='ocrx_word' id='word_1_65' title='bbox 1464 688 1569 729; x_wconf 90' lang='lat' dir='ltr'>with</span> 
     </span>
     <span class='ocr_line' id='line_1_10' title="bbox 107 757 1569 811; baseline -0.003 -10"><span class='ocrx_word' id='word_1_66' title='bbox 107 761 195 802; x_wconf 87' lang='lat' dir='ltr'>this</span> <span class='ocrx_word' id='word_1_67' title='bbox 217 774 408 810; x_wconf 80' lang='lat' dir='ltr'>censure,</span> <span class='ocrx_word' id='word_1_68' title='bbox 432 763 458 782; x_wconf 87' lang='lat'><strong><em>“</em></strong></span> <span class='ocrx_word' id='word_1_69' title='bbox 474 760 585 800; x_wconf 83' lang='lat' dir='ltr'>That</span> <span class='ocrx_word' id='word_1_70' title='bbox 606 759 660 800; x_wconf 88' lang='lat' dir='ltr'>he</span> <span class='ocrx_word' id='word_1_71' title='bbox 678 759 750 799; x_wconf 90' lang='lat' dir='ltr'>did</span> <span class='ocrx_word' id='word_1_72' title='bbox 772 758 1003 811; x_wconf 87' lang='lat' dir='ltr'>exceeding</span> <span class='ocrx_word' id='word_1_73' title='bbox 1023 758 1105 808; x_wconf 74' lang='lat' dir='ltr'>illq,</span> <span class='ocrx_word' id='word_1_74' title='bbox 1122 762 1168 798; x_wconf 92' lang='lat' dir='ltr'>to</span> <span class='ocrx_word' id='word_1_75' title='bbox 1190 757 1381 797; x_wconf 84' lang='lat' dir='ltr'>makeso</span> <span class='ocrx_word' id='word_1_76' title='bbox 1404 757 1521 797; x_wconf 87' lang='lat' dir='ltr'>short</span> <span class='ocrx_word' id='word_1_77' title='bbox 1545 770 1569 796; x_wconf 91' lang='lat' dir='ltr'>a</span> 
     </span>
     <span class='ocr_line' id='line_1_11' title="bbox 106 825 1568 880; baseline -0.003 -11"><span class='ocrx_word' id='word_1_78' title='bbox 106 829 329 880; x_wconf 82' lang='lat' dir='ltr'>catalogue</span> <span class='ocrx_word' id='word_1_79' title='bbox 357 827 404 868; x_wconf 86' lang='lat' dir='ltr'>of</span> <span class='ocrx_word' id='word_1_80' title='bbox 431 827 505 867; x_wconf 92' lang='lat' dir='ltr'>the</span> <span class='ocrx_word' id='word_1_81' title='bbox 533 827 604 867; x_wconf 88' lang='lat' dir='ltr'>old</span> <span class='ocrx_word' id='word_1_82' title='bbox 629 827 766 867; x_wconf 86' lang='lat' dir='ltr'>divine</span> <span class='ocrx_word' id='word_1_83' title='bbox 797 827 1049 880; x_wconf 84' lang='lat' dir='ltr'>Scriptures,</span> <span class='ocrx_word' id='word_1_84' title='bbox 1076 826 1161 866; x_wconf 89' lang='lat' dir='ltr'>and</span> <span class='ocrx_word' id='word_1_85' title='bbox 1190 825 1359 866; x_wconf 89' lang='lat' dir='ltr'>therein</span> <span class='ocrx_word' id='word_1_86' title='bbox 1386 830 1432 866; x_wconf 94' lang='lat' dir='ltr'>to</span> <span class='ocrx_word' id='word_1_87' title='bbox 1463 825 1568 866; x_wconf 89' lang='lat' dir='ltr'>omit</span> 
     </span>
     <span class='ocr_line' id='line_1_12' title="bbox 105 892 1568 944; baseline -0.002 -8"><span class='ocrx_word' id='word_1_88' title='bbox 105 897 180 936; x_wconf 86' lang='lat' dir='ltr'>the</span> <span class='ocrx_word' id='word_1_89' title='bbox 207 896 340 936; x_wconf 86' lang='lat' dir='ltr'>books</span> <span class='ocrx_word' id='word_1_90' title='bbox 365 895 413 936; x_wconf 89' lang='lat' dir='ltr'>of</span> <span class='ocrx_word' id='word_1_91' title='bbox 441 894 581 944; x_wconf 77' lang='lat' dir='ltr'>Tobit,</span> <span class='ocrx_word' id='word_1_92' title='bbox 609 895 636 934; x_wconf 86' lang='lat' dir='ltr'><strong>J</strong></span> <span class='ocrx_word' id='word_1_93' title='bbox 639 894 775 944; x_wconf 90' lang='lat' dir='ltr'>udith,</span> <span class='ocrx_word' id='word_1_94' title='bbox 798 894 967 944; x_wconf 87' lang='lat' dir='ltr'>Esther,</span> <span class='ocrx_word' id='word_1_95' title='bbox 991 894 1199 943; x_wconf 89' lang='lat' dir='ltr'>Wisdom,</span> <span class='ocrx_word' id='word_1_96' title='bbox 1230 892 1568 943; x_wconf 85' lang='lat' dir='ltr'>Ecclesiasticus,</span> 
     </span>
     <span class='ocr_line' id='line_1_13' title="bbox 103 960 1569 1016; baseline -0.002 -13"><span class='ocrx_word' id='word_1_97' title='bbox 103 962 189 1004; x_wconf 87' lang='lat' dir='ltr'>and</span> <span class='ocrx_word' id='word_1_98' title='bbox 219 963 293 1003; x_wconf 88' lang='lat' dir='ltr'>the</span> <span class='ocrx_word' id='word_1_99' title='bbox 324 962 630 1003; x_wconf 84' lang='lat' dir='ltr'>Maccabees:’&#39;</span> <span class='ocrx_word' id='word_1_100' title='bbox 663 962 800 1002; x_wconf 87' lang='lat' dir='ltr'>which</span> <span class='ocrx_word' id='word_1_101' title='bbox 832 961 866 1002; x_wconf 90' lang='lat' dir='ltr'>is</span> <span class='ocrx_word' id='word_1_102' title='bbox 899 961 1055 1016; x_wconf 87' lang='lat' dir='ltr'>clearly</span> <span class='ocrx_word' id='word_1_103' title='bbox 1084 966 1130 1002; x_wconf 94' lang='lat' dir='ltr'>to</span> <span class='ocrx_word' id='word_1_104' title='bbox 1161 961 1326 1002; x_wconf 87' lang='lat' dir='ltr'>confess</span> <span class='ocrx_word' id='word_1_105' title='bbox 1357 961 1466 1001; x_wconf 67' lang='lat' dir='ltr'>that‘</span> <span class='ocrx_word' id='word_1_106' title='bbox 1484 960 1569 1001; x_wconf 90' lang='lat' dir='ltr'>this</span> 
     </span>
     <span class='ocr_line' id='line_1_14' title="bbox 103 1029 1567 1084; baseline -0.001 -13"><span class='ocrx_word' id='word_1_107' title='bbox 103 1030 337 1084; x_wconf 88' lang='lat' dir='ltr'>testimony</span> <span class='ocrx_word' id='word_1_108' title='bbox 357 1030 392 1070; x_wconf 93' lang='lat' dir='ltr'>is</span> <span class='ocrx_word' id='word_1_109' title='bbox 421 1029 574 1083; x_wconf 87' lang='lat' dir='ltr'>wholly</span> <span class='ocrx_word' id='word_1_110' title='bbox 595 1029 659 1070; x_wconf 89' lang='lat' dir='ltr'>for</span> <span class='ocrx_word' id='word_1_111' title='bbox 688 1044 753 1081; x_wconf 87' lang='lat' dir='ltr'>us,</span> <span class='ocrx_word' id='word_1_112' title='bbox 776 1029 862 1070; x_wconf 88' lang='lat' dir='ltr'>and</span> <span class='ocrx_word' id='word_1_113' title='bbox 893 1029 972 1070; x_wconf 88' lang='lat' dir='ltr'>full</span> <span class='ocrx_word' id='word_1_114' title='bbox 1002 1029 1169 1082; x_wconf 85' lang='lat' dir='ltr'>against</span> <span class='ocrx_word' id='word_1_115' title='bbox 1199 1029 1273 1070; x_wconf 87' lang='lat' dir='ltr'>the</span> <span class='ocrx_word' id='word_1_116' title='bbox 1304 1043 1397 1070; x_wconf 87' lang='lat' dir='ltr'>new</span> <span class='ocrx_word' id='word_1_117' title='bbox 1418 1029 1567 1069; x_wconf 85' lang='lat' dir='ltr'>Trent-</span> 
     </span>
    </p>
   </div>
   <div class='ocr_carea' id='block_1_7' title="bbox 109 1112 260 1139">
    <p class='ocr_par' dir='ltr' id='par_1_7' title="bbox 109 1112 260 1139">
     <span class='ocr_line' id='line_1_15' title="bbox 109 1112 260 1139; baseline -0.007 0"><span class='ocrx_word' id='word_1_118' title='bbox 109 1112 260 1139; x_wconf 73' lang='lat' dir='ltr'>canon.</span> 
     </span>
    </p>
   </div>
   <div class='ocr_carea' id='block_1_8' title="bbox 1604 367 1770 432">
    <p class='ocr_par' dir='ltr' id='par_1_8' title="bbox 1604 367 1770 432">
     <span class='ocr_line' id='line_1_16' title="bbox 1638 367 1734 389; baseline 0.01 -1"><span class='ocrx_word' id='word_1_119' title='bbox 1638 367 1734 389; x_wconf 79' lang='lat' dir='ltr'>TEs&#39;r.</span> 
     </span>
     <span class='ocr_line' id='line_1_17' title="bbox 1604 409 1770 432; baseline 0.012 -3"><span class='ocrx_word' id='word_1_120' title='bbox 1604 409 1704 432; x_wconf 82' lang='lat' dir='ltr'>CENT.</span> <span class='ocrx_word' id='word_1_121' title='bbox 1723 411 1770 431; x_wconf 84' lang='lat' dir='ltr'>Vl&#39;.</span> 
     </span>
    </p>
   </div>
   <div class='ocr_carea' id='block_1_9' title="bbox 1589 444 1787 452">
    <p class='ocr_par' dir='ltr' id='par_1_9' title="bbox 1589 444 1787 452">
     <span class='ocr_line' id='line_1_18' title="bbox 1589 444 1787 452; baseline 0 2792"><span class='ocrx_word' id='word_1_122' title='bbox 1589 444 1787 452; x_wconf 95' lang='lat' dir='ltr'> </span> 
     </span>
    </p>
   </div>
   <div class='ocr_carea' id='block_1_10' title="bbox 161 1164 1770 1219">
    <p class='ocr_par' dir='ltr' id='par_1_10' title="bbox 161 1164 1770 1219">
     <span class='ocr_line' id='line_1_19' title="bbox 161 1164 1770 1219; baseline -0.001 -11"><span class='ocrx_word' id='word_1_123' title='bbox 161 1167 296 1208; x_wconf 89' lang='lat' dir='ltr'>XCV.</span> <span class='ocrx_word' id='word_1_124' title='bbox 326 1166 462 1207; x_wconf 82' lang='lat' dir='ltr'>There</span> <span class='ocrx_word' id='word_1_125' title='bbox 482 1165 517 1206; x_wconf 87' lang='lat' dir='ltr'>is</span> <span class='ocrx_word' id='word_1_126' title='bbox 540 1180 564 1206; x_wconf 89' lang='lat' dir='ltr'>a</span> <span class='ocrx_word' id='word_1_127' title='bbox 584 1169 878 1219; x_wconf 87' lang='lat' dir='ltr'>commentary</span> <span class='ocrx_word' id='word_1_128' title='bbox 893 1179 1010 1218; x_wconf 91' lang='lat' dir='ltr'>upon</span> <span class='ocrx_word' id='word_1_129' title='bbox 1031 1165 1104 1205; x_wconf 87' lang='lat' dir='ltr'>the</span> <span class='ocrx_word' id='word_1_130' title='bbox 1118 1164 1381 1218; x_wconf 85' lang='lat' dir='ltr'>Apocalypse</span> <span class='ocrx_word' id='word_1_131' title='bbox 1403 1168 1565 1215; x_wconf 84' lang='lat' dir='ltr'>extant,</span> <span class='ocrx_word' id='word_1_132' title='bbox 1592 1167 1679 1198; x_wconf 88' lang='lat' dir='ltr'>A-D·</span> <span class='ocrx_word' id='word_1_133' title='bbox 1697 1169 1770 1206; x_wconf 81' lang='lat'>599,</span> 
     </span>
    </p>
   </div>
   <div class='ocr_carea' id='block_1_11' title="bbox 1586 1210 1777 1241">
    <p class='ocr_par' dir='ltr' id='par_1_11' title="bbox 1586 1210 1777 1241">
     <span class='ocr_line' id='line_1_20' title="bbox 1586 1210 1777 1241; baseline 0 -1"><span class='ocrx_word' id='word_1_134' title='bbox 1586 1215 1641 1241; x_wconf 83' lang='lat' dir='ltr'>aut</span> <span class='ocrx_word' id='word_1_135' title='bbox 1657 1210 1777 1241; x_wconf 86' lang='lat' dir='ltr'>saeculo</span> 
     </span>
    </p>
   </div>
   <div class='ocr_carea' id='block_1_12' title="bbox 102 1232 1759 1293">
    <p class='ocr_par' dir='ltr' id='par_1_12' title="bbox 102 1232 1759 1293">
     <span class='ocr_line' id='line_1_21' title="bbox 102 1232 1759 1293; baseline -0.002 -19"><span class='ocrx_word' id='word_1_136' title='bbox 102 1234 242 1275; x_wconf 89' lang='lat' dir='ltr'>under</span> <span class='ocrx_word' id='word_1_137' title='bbox 262 1234 336 1274; x_wconf 90' lang='lat' dir='ltr'>the</span> <span class='ocrx_word' id='word_1_138' title='bbox 357 1247 484 1274; x_wconf 86' lang='lat' dir='ltr'>name</span> <span class='ocrx_word' id='word_1_139' title='bbox 505 1233 551 1274; x_wconf 83' lang='lat' dir='ltr'>of</span> <span class='ocrx_word' id='word_1_140' title='bbox 567 1232 816 1274; x_wconf 86' lang='lat' dir='ltr'>Victorinus</span> <span class='ocrx_word' id='word_1_141' title='bbox 839 1232 912 1273; x_wconf 90' lang='lat' dir='ltr'>the</span> <span class='ocrx_word' id='word_1_142' title='bbox 928 1233 1112 1286; x_wconf 86' lang='lat' dir='ltr'>Martyr,</span> <span class='ocrx_word' id='word_1_143' title='bbox 1129 1232 1279 1286; x_wconf 88' lang='lat' dir='ltr'>bishop</span> <span class='ocrx_word' id='word_1_144' title='bbox 1297 1232 1344 1273; x_wconf 92' lang='lat' dir='ltr'>of</span> <span class='ocrx_word' id='word_1_145' title='bbox 1360 1232 1564 1273; x_wconf 88' lang='lat' dir='ltr'>Poictiers</span> <span class='ocrx_word' id='word_1_146' title='bbox 1585 1253 1691 1293; x_wconf 86' lang='lat' dir='ltr'>potius</span> <span class='ocrx_word' id='word_1_147' title='bbox 1710 1264 1759 1283; x_wconf 86' lang='lat' dir='ltr'>se-</span> 
     </span>
    </p>
   </div>
   <div class='ocr_carea' id='block_1_13' title="bbox 103 1361 808 3056">
    <p class='ocr_par' dir='ltr' id='par_1_13' title="bbox 103 1361 808 3056">
     <span class='ocr_line' id='line_1_22' title="bbox 148 1361 806 1402; baseline -0.002 -10"><span class='ocrx_word' id='word_1_148' title='bbox 148 1366 162 1386; x_wconf 76' lang='grc' dir='ltr'><strong>Ρ</strong></span> <span class='ocrx_word' id='word_1_149' title='bbox 192 1362 347 1392; x_wconf 84' lang='lat' dir='ltr'>Leontius</span> <span class='ocrx_word' id='word_1_150' title='bbox 378 1361 594 1402; x_wconf 81' lang='lat' dir='ltr'>Byzantinus,</span> <span class='ocrx_word' id='word_1_151' title='bbox 625 1362 662 1392; x_wconf 88' lang='lat' dir='ltr'>de</span> <span class='ocrx_word' id='word_1_152' title='bbox 694 1362 806 1399; x_wconf 83' lang='lat' dir='ltr'>Sectis,</span> 
     </span>
     <span class='ocr_line' id='line_1_23' title="bbox 105 1405 804 1444; baseline 0 -9"><span class='ocrx_word' id='word_1_153' title='bbox 105 1409 165 1435; x_wconf 83' lang='lat' dir='ltr'>aet.</span> <span class='ocrx_word' id='word_1_154' title='bbox 182 1405 214 1435; x_wconf 87' lang='lat' dir='ltr'>ii.</span> <span class='ocrx_word' id='word_1_155' title='bbox 233 1405 298 1444; x_wconf 86' lang='lat' dir='ltr'>[ap.</span> <span class='ocrx_word' id='word_1_156' title='bbox 318 1405 466 1435; x_wconf 87' lang='lat' dir='ltr'>Galland.</span> <span class='ocrx_word' id='word_1_157' title='bbox 480 1405 645 1441; x_wconf 65' lang='lat' dir='ltr'>Biblioth„</span> <span class='ocrx_word' id='word_1_158' title='bbox 662 1409 736 1434; x_wconf 84' lang='lat' dir='ltr'>tom.</span> <span class='ocrx_word' id='word_1_159' title='bbox 750 1405 804 1435; x_wconf 68' lang='lat' dir='ltr'>xii.</span> 
     </span>
     <span class='ocr_line' id='line_1_24' title="bbox 104 1447 805 1487; baseline -0.001 -10"><span class='ocrx_word' id='word_1_160' title='bbox 104 1457 135 1487; x_wconf 88' lang='lat' dir='ltr'>p.</span> <span class='ocrx_word' id='word_1_161' title='bbox 167 1447 450 1487; x_wconf 81' lang='lat' dir='ltr'>627.-Sequitur,</span> <span class='ocrx_word' id='word_1_162' title='bbox 481 1452 527 1484; x_wconf 87' lang='lat' dir='ltr'>ut,</span> <span class='ocrx_word' id='word_1_163' title='bbox 554 1452 625 1487; x_wconf 90' lang='lat' dir='ltr'>post</span> <span class='ocrx_word' id='word_1_164' title='bbox 654 1447 710 1477; x_wconf 84' lang='lat' dir='ltr'>illa</span> <span class='ocrx_word' id='word_1_165' title='bbox 738 1447 805 1486; x_wconf 86' lang='lat' dir='ltr'>jam</span> 
     </span>
     <span class='ocr_line' id='line_1_25' title="bbox 104 1490 804 1530; baseline -0.001 -10"><span class='ocrx_word' id='word_1_166' title='bbox 104 1491 282 1530; x_wconf 65' lang='lat' dir='ltr'>praemissa,</span> <span class='ocrx_word' id='word_1_167' title='bbox 305 1491 343 1520; x_wconf 86' lang='lat' dir='ltr'>de</span> <span class='ocrx_word' id='word_1_168' title='bbox 367 1490 460 1520; x_wconf 84' lang='lat' dir='ltr'>sectis</span> <span class='ocrx_word' id='word_1_169' title='bbox 485 1490 675 1529; x_wconf 86' lang='lat' dir='ltr'>quibusdam</span> <span class='ocrx_word' id='word_1_170' title='bbox 701 1490 804 1520; x_wconf 90' lang='lat' dir='ltr'>brevi-</span> 
     </span>
     <span class='ocr_line' id='line_1_26' title="bbox 104 1532 806 1572; baseline 0 -10"><span class='ocrx_word' id='word_1_171' title='bbox 104 1537 153 1562; x_wconf 88' lang='lat' dir='ltr'>ter</span> <span class='ocrx_word' id='word_1_172' title='bbox 169 1543 312 1572; x_wconf 82' lang='lat' dir='ltr'>agamus.</span> <span class='ocrx_word' id='word_1_173' title='bbox 345 1532 514 1562; x_wconf 75' lang='lat' dir='ltr'>Universae</span> <span class='ocrx_word' id='word_1_174' title='bbox 528 1533 658 1572; x_wconf 89' lang='lat' dir='ltr'>quidem</span> <span class='ocrx_word' id='word_1_175' title='bbox 673 1543 806 1562; x_wconf 89' lang='lat' dir='ltr'>numero</span> 
     </span>
     <span class='ocr_line' id='line_1_27' title="bbox 104 1574 806 1615; baseline 0.001 -11"><span class='ocrx_word' id='word_1_176' title='bbox 104 1574 230 1606; x_wconf 80' lang='lat' dir='ltr'>lxxxiv.</span> <span class='ocrx_word' id='word_1_177' title='bbox 259 1579 343 1611; x_wconf 84' lang='lat' dir='ltr'>sunt,</span> <span class='ocrx_word' id='word_1_178' title='bbox 369 1585 448 1615; x_wconf 89' lang='lat' dir='ltr'>quas</span> <span class='ocrx_word' id='word_1_179' title='bbox 474 1575 678 1615; x_wconf 81' lang='lat' dir='ltr'>Epiphanius</span> <span class='ocrx_word' id='word_1_180' title='bbox 705 1575 806 1615; x_wconf 89' lang='lat' dir='ltr'>Cypri</span> 
     </span>
     <span class='ocr_line' id='line_1_28' title="bbox 105 1617 803 1657; baseline -0.001 -9"><span class='ocrx_word' id='word_1_181' title='bbox 105 1618 238 1648; x_wconf 83' lang='lat' dir='ltr'>antistes</span> <span class='ocrx_word' id='word_1_182' title='bbox 274 1617 469 1657; x_wconf 65' lang='lat' dir='ltr'>enumerat]</span> <span class='ocrx_word' id='word_1_183' title='bbox 532 1618 627 1648; x_wconf 87' lang='lat' dir='ltr'>Prius</span> <span class='ocrx_word' id='word_1_184' title='bbox 659 1617 803 1657; x_wconf 87' lang='lat' dir='ltr'>[tamen]</span> 
     </span>
     <span class='ocr_line' id='line_1_29' title="bbox 104 1659 805 1700; baseline 0 -10"><span class='ocrx_word' id='word_1_185' title='bbox 104 1671 204 1700; x_wconf 87' lang='lat' dir='ltr'>quam</span> <span class='ocrx_word' id='word_1_186' title='bbox 223 1660 355 1699; x_wconf 83' lang='lat' dir='ltr'>(sectas)</span> <span class='ocrx_word' id='word_1_187' title='bbox 375 1659 463 1700; x_wconf 85' lang='lat' dir='ltr'>[eas]</span> <span class='ocrx_word' id='word_1_188' title='bbox 482 1661 688 1700; x_wconf 80' lang='lat' dir='ltr'>attingamus,</span> <span class='ocrx_word' id='word_1_189' title='bbox 707 1661 805 1690; x_wconf 88' lang='lat' dir='ltr'>libros</span> 
     </span>
     <span class='ocr_line' id='line_1_30' title="bbox 104 1703 808 1742; baseline 0.001 -10"><span class='ocrx_word' id='word_1_190' title='bbox 104 1703 144 1732; x_wconf 88' lang='lat' dir='ltr'>ab</span> <span class='ocrx_word' id='word_1_191' title='bbox 158 1703 308 1733; x_wconf 84' lang='lat' dir='ltr'>Ecclesia</span> <span class='ocrx_word' id='word_1_192' title='bbox 323 1708 467 1742; x_wconf 88' lang='lat' dir='ltr'>receptos</span> <span class='ocrx_word' id='word_1_193' title='bbox 482 1713 715 1733; x_wconf 82' lang='lat' dir='ltr'>recenseamus.</span> <span class='ocrx_word' id='word_1_194' title='bbox 741 1703 808 1733; x_wconf 91' lang='lat' dir='ltr'>Eo-</span> 
     </span>
     <span class='ocr_line' id='line_1_31' title="bbox 103 1744 806 1785; baseline 0.001 -10"><span class='ocrx_word' id='word_1_195' title='bbox 103 1756 177 1776; x_wconf 87' lang='lat' dir='ltr'>rum</span> <span class='ocrx_word' id='word_1_196' title='bbox 199 1746 297 1785; x_wconf 87' lang='lat' dir='ltr'>igitur</span> <span class='ocrx_word' id='word_1_197' title='bbox 316 1744 441 1785; x_wconf 84' lang='lat' dir='ltr'>[Igitur</span> <span class='ocrx_word' id='word_1_198' title='bbox 465 1756 503 1775; x_wconf 77' lang='lat' dir='ltr'>ex</span> <span class='ocrx_word' id='word_1_199' title='bbox 525 1746 616 1776; x_wconf 87' lang='lat' dir='ltr'>libris</span> <span class='ocrx_word' id='word_1_200' title='bbox 639 1746 806 1776; x_wconf 87' lang='lat' dir='ltr'>eeclesias—</span> 
     </span>
     <span class='ocr_line' id='line_1_32' title="bbox 104 1787 804 1828; baseline 0 -10"><span class='ocrx_word' id='word_1_201' title='bbox 104 1787 195 1828; x_wconf 88' lang='lat' dir='ltr'>ticis]</span> <span class='ocrx_word' id='word_1_202' title='bbox 213 1788 267 1818; x_wconf 83' lang='lat' dir='ltr'>alii</span> <span class='ocrx_word' id='word_1_203' title='bbox 284 1789 458 1828; x_wconf 84' lang='lat' dir='ltr'>Scripturae</span> <span class='ocrx_word' id='word_1_204' title='bbox 471 1789 608 1825; x_wconf 81' lang='lat' dir='ltr'>Veteris,</span> <span class='ocrx_word' id='word_1_205' title='bbox 623 1788 677 1818; x_wconf 79' lang='lat' dir='ltr'>alii</span> <span class='ocrx_word' id='word_1_206' title='bbox 691 1789 804 1819; x_wconf 88' lang='lat' dir='ltr'>Novae.</span> 
     </span>
     <span class='ocr_line' id='line_1_33' title="bbox 104 1830 806 1871; baseline 0 -10"><span class='ocrx_word' id='word_1_207' title='bbox 104 1830 255 1861; x_wconf 81' lang='lat' dir='ltr'>Veterem</span> <span class='ocrx_word' id='word_1_208' title='bbox 281 1830 516 1871; x_wconf 76' lang='lat' dir='ltr'>[scripturam]</span> <span class='ocrx_word' id='word_1_209' title='bbox 542 1841 694 1861; x_wconf 88' lang='lat' dir='ltr'>vocamus</span> <span class='ocrx_word' id='word_1_210' title='bbox 725 1842 806 1869; x_wconf 89' lang='lat' dir='ltr'>eam,</span> 
     </span>
     <span class='ocr_line' id='line_1_34' title="bbox 105 1873 804 1913; baseline 0 -10"><span class='ocrx_word' id='word_1_211' title='bbox 105 1883 177 1913; x_wconf 85' lang='lat' dir='ltr'>quae</span> <span class='ocrx_word' id='word_1_212' title='bbox 196 1878 268 1903; x_wconf 83' lang='lat' dir='ltr'>ante</span> <span class='ocrx_word' id='word_1_213' title='bbox 282 1874 403 1904; x_wconf 85' lang='lat' dir='ltr'>Christi</span> <span class='ocrx_word' id='word_1_214' title='bbox 416 1874 601 1903; x_wconf 85' lang='lat' dir='ltr'>Adventum</span> <span class='ocrx_word' id='word_1_215' title='bbox 616 1874 700 1904; x_wconf 89' lang='lat' dir='ltr'>edita</span> <span class='ocrx_word' id='word_1_216' title='bbox 715 1873 804 1913; x_wconf 89' lang='lat' dir='ltr'>[lite-</span> 
     </span>
     <span class='ocr_line' id='line_1_35' title="bbox 103 1915 805 1956; baseline 0 -10"><span class='ocrx_word' id='word_1_217' title='bbox 103 1916 147 1946; x_wconf 89' lang='lat' dir='ltr'>ris</span> <span class='ocrx_word' id='word_1_218' title='bbox 158 1915 300 1956; x_wconf 86' lang='lat' dir='ltr'>prodita]</span> <span class='ocrx_word' id='word_1_219' title='bbox 314 1917 394 1946; x_wconf 82' lang='lat' dir='ltr'>fuit:</span> <span class='ocrx_word' id='word_1_220' title='bbox 412 1917 549 1952; x_wconf 90' lang='lat' dir='ltr'>Novam,</span> <span class='ocrx_word' id='word_1_221' title='bbox 561 1927 632 1956; x_wconf 84' lang='lat' dir='ltr'>quae</span> <span class='ocrx_word' id='word_1_222' title='bbox 643 1921 715 1956; x_wconf 83' lang='lat' dir='ltr'>post</span> <span class='ocrx_word' id='word_1_223' title='bbox 731 1916 805 1956; x_wconf 84' lang='lat' dir='ltr'>[Ip-</span> 
     </span>
     <span class='ocr_line' id='line_1_36' title="bbox 105 1959 804 1998; baseline 0 -10"><span class='ocrx_word' id='word_1_224' title='bbox 105 1959 190 1998; x_wconf 84' lang='lat' dir='ltr'>sius]</span> <span class='ocrx_word' id='word_1_225' title='bbox 200 1959 396 1989; x_wconf 81' lang='lat' dir='ltr'>Adventum.</span> <span class='ocrx_word' id='word_1_226' title='bbox 413 1959 537 1989; x_wconf 82' lang='lat' dir='ltr'>Veteris</span> <span class='ocrx_word' id='word_1_227' title='bbox 548 1959 620 1988; x_wconf 85' lang='lat' dir='ltr'>libri</span> <span class='ocrx_word' id='word_1_228' title='bbox 632 1964 707 1989; x_wconf 87' lang='lat' dir='ltr'>sunt</span> <span class='ocrx_word' id='word_1_229' title='bbox 717 1960 804 1996; x_wconf 64' lang='lat' dir='ltr'>xxii„</span> 
     </span>
     <span class='ocr_line' id='line_1_37' title="bbox 103 2001 805 2041; baseline -0.001 -10"><span class='ocrx_word' id='word_1_230' title='bbox 103 2002 221 2041; x_wconf 86' lang='lat' dir='ltr'>partim</span> <span class='ocrx_word' id='word_1_231' title='bbox 234 2002 388 2037; x_wconf 88' lang='lat' dir='ltr'>historici,</span> <span class='ocrx_word' id='word_1_232' title='bbox 401 2002 517 2041; x_wconf 80' lang='lat' dir='ltr'>partim</span> <span class='ocrx_word' id='word_1_233' title='bbox 532 2001 718 2041; x_wconf 88' lang='lat' dir='ltr'>prophetici,</span> <span class='ocrx_word' id='word_1_234' title='bbox 732 2012 805 2041; x_wconf 80' lang='lat' dir='ltr'>par-</span> 
     </span>
     <span class='ocr_line' id='line_1_38' title="bbox 103 2043 802 2083; baseline 0 -10"><span class='ocrx_word' id='word_1_235' title='bbox 103 2043 162 2073; x_wconf 84' lang='lat' dir='ltr'>tim</span> <span class='ocrx_word' id='word_1_236' title='bbox 177 2044 360 2083; x_wconf 82' lang='lat' dir='ltr'>paraenetici</span> <span class='ocrx_word' id='word_1_237' title='bbox 379 2043 556 2083; x_wconf 81' lang='lat' dir='ltr'>[praecepta</span> <span class='ocrx_word' id='word_1_238' title='bbox 574 2043 802 2083; x_wconf 87' lang='lat' dir='ltr'>continentes,]</span> 
     </span>
     <span class='ocr_line' id='line_1_39' title="bbox 104 2085 803 2126; baseline 0 -11"><span class='ocrx_word' id='word_1_239' title='bbox 104 2087 222 2125; x_wconf 86' lang='lat' dir='ltr'>partim</span> <span class='ocrx_word' id='word_1_240' title='bbox 245 2086 285 2116; x_wconf 86' lang='lat' dir='ltr'>ad</span> <span class='ocrx_word' id='word_1_241' title='bbox 307 2086 510 2126; x_wconf 80' lang='lat' dir='ltr'>psallendum</span> <span class='ocrx_word' id='word_1_242' title='bbox 536 2085 803 2124; x_wconf 77' lang='lat' dir='ltr'>[concinendum]</span> 
     </span>
     <span class='ocr_line' id='line_1_40' title="bbox 103 2128 805 2167; baseline -0.001 -9"><span class='ocrx_word' id='word_1_243' title='bbox 103 2129 190 2158; x_wconf 83' lang='lat' dir='ltr'>facti.</span> <span class='ocrx_word' id='word_1_244' title='bbox 237 2128 282 2157; x_wconf 85' lang='lat' dir='ltr'>Et</span> <span class='ocrx_word' id='word_1_245' title='bbox 305 2129 336 2157; x_wconf 92' lang='lat' dir='ltr'>hi</span> <span class='ocrx_word' id='word_1_246' title='bbox 361 2128 489 2167; x_wconf 84' lang='lat' dir='ltr'>quidem</span> <span class='ocrx_word' id='word_1_247' title='bbox 513 2133 590 2158; x_wconf 85' lang='lat' dir='ltr'>sunt</span> <span class='ocrx_word' id='word_1_248' title='bbox 606 2128 642 2157; x_wconf 94' lang='lat' dir='ltr'>V.</span> <span class='ocrx_word' id='word_1_249' title='bbox 660 2129 698 2158; x_wconf 93' lang='lat' dir='ltr'>T.</span> <span class='ocrx_word' id='word_1_250' title='bbox 721 2129 805 2165; x_wconf 86' lang='lat' dir='ltr'>libri,</span> 
     </span>
     <span class='ocr_line' id='line_1_41' title="bbox 105 2170 802 2210; baseline -0.001 -9"><span class='ocrx_word' id='word_1_251' title='bbox 105 2172 162 2201; x_wconf 77' lang='grc' dir='ltr'>διο.</span> <span class='ocrx_word' id='word_1_252' title='bbox 204 2170 334 2209; x_wconf 80' lang='lat' dir='ltr'>(Quum</span> <span class='ocrx_word' id='word_1_253' title='bbox 352 2171 422 2207; x_wconf 87' lang='lat' dir='ltr'>hos,</span> <span class='ocrx_word' id='word_1_254' title='bbox 437 2175 468 2200; x_wconf 91' lang='lat' dir='ltr'>et</span> <span class='ocrx_word' id='word_1_255' title='bbox 490 2171 545 2210; x_wconf 87' lang='lat' dir='ltr'>qui</span> <span class='ocrx_word' id='word_1_256' title='bbox 562 2171 601 2200; x_wconf 87' lang='lat' dir='ltr'>ad</span> <span class='ocrx_word' id='word_1_257' title='bbox 619 2171 660 2201; x_wconf 91' lang='lat' dir='ltr'>N.</span> <span class='ocrx_word' id='word_1_258' title='bbox 678 2171 715 2201; x_wconf 88' lang='lat' dir='ltr'>T.</span> <span class='ocrx_word' id='word_1_259' title='bbox 732 2181 802 2210; x_wconf 87' lang='lat' dir='ltr'>per-</span> 
     </span>
     <span class='ocr_line' id='line_1_42' title="bbox 104 2213 805 2252; baseline 0.001 -10"><span class='ocrx_word' id='word_1_260' title='bbox 104 2213 220 2250; x_wconf 85' lang='lat' dir='ltr'>tinent,</span> <span class='ocrx_word' id='word_1_261' title='bbox 245 2213 467 2249; x_wconf 88' lang='lat' dir='ltr'>recensuisset,</span> <span class='ocrx_word' id='word_1_262' title='bbox 498 2213 663 2252; x_wconf 77' lang='lat' dir='ltr'>subjicitt)</span> <span class='ocrx_word' id='word_1_263' title='bbox 703 2214 805 2243; x_wconf 80' lang='grc' dir='ltr'>ταῦτα</span> 
     </span>
     <span class='ocr_line' id='line_1_43' title="bbox 105 2253 803 2293; baseline 0.001 -8"><span class='ocrx_word' id='word_1_264' title='bbox 105 2255 175 2285; x_wconf 79' lang='grc' dir='ltr'>ἐστὶ</span> <span class='ocrx_word' id='word_1_265' title='bbox 196 2254 237 2285; x_wconf 82' lang='grc' dir='ltr'>τὰ</span> <span class='ocrx_word' id='word_1_266' title='bbox 258 2253 479 2293; x_wconf 85' lang='grc' dir='ltr'>κανονιζόμενα</span> <span class='ocrx_word' id='word_1_267' title='bbox 493 2254 607 2290; x_wconf 79' lang='grc' dir='ltr'>βιβλία</span> <span class='ocrx_word' id='word_1_268' title='bbox 631 2256 664 2285; x_wconf 89' lang='grc' dir='ltr'>ἐν</span> <span class='ocrx_word' id='word_1_269' title='bbox 688 2256 803 2292; x_wconf 86' lang='grc' dir='ltr'>ἐκκλη-</span> 
     </span>
     <span class='ocr_line' id='line_1_44' title="bbox 106 2296 807 2338; baseline 0 -10"><span class='ocrx_word' id='word_1_270' title='bbox 106 2296 171 2338; x_wconf 73' lang='grc' dir='ltr'>σίᾳ,</span> <span class='ocrx_word' id='word_1_271' title='bbox 187 2297 237 2328; x_wconf 81' lang='grc' dir='ltr'>καὶ</span> <span class='ocrx_word' id='word_1_272' title='bbox 260 2299 379 2337; x_wconf 81' lang='grc' dir='ltr'>παλαιᾷ</span> <span class='ocrx_word' id='word_1_273' title='bbox 402 2297 452 2327; x_wconf 85' lang='grc' dir='ltr'>καὶ</span> <span class='ocrx_word' id='word_1_274' title='bbox 477 2297 540 2337; x_wconf 74' lang='grc' dir='ltr'>νέᾳ·</span> <span class='ocrx_word' id='word_1_275' title='bbox 563 2297 604 2328; x_wconf 76' lang='grc' dir='ltr'>ὧν</span> <span class='ocrx_word' id='word_1_276' title='bbox 625 2297 666 2328; x_wconf 84' lang='grc' dir='ltr'>τὰ</span> <span class='ocrx_word' id='word_1_277' title='bbox 688 2298 807 2329; x_wconf 83' lang='grc' dir='ltr'>παλαιὰ</span> 
     </span>
     <span class='ocr_line' id='line_1_45' title="bbox 104 2339 807 2379; baseline 0.001 -10"><span class='ocrx_word' id='word_1_278' title='bbox 104 2339 210 2370; x_wconf 82' lang='grc' dir='ltr'>πάντα</span> <span class='ocrx_word' id='word_1_279' title='bbox 239 2339 387 2378; x_wconf 84' lang='grc' dir='ltr'>δέχονται</span> <span class='ocrx_word' id='word_1_280' title='bbox 415 2340 444 2370; x_wconf 82' lang='grc' dir='ltr'>οἵ</span> <span class='ocrx_word' id='word_1_281' title='bbox 465 2339 610 2379; x_wconf 78' lang='grc' dir='ltr'>Ἑβραῖοι.</span> <span class='ocrx_word' id='word_1_282' title='bbox 659 2341 702 2370; x_wconf 86' lang='lat' dir='ltr'>Hi</span> <span class='ocrx_word' id='word_1_283' title='bbox 732 2346 807 2370; x_wconf 84' lang='lat' dir='ltr'>sunt</span> 
     </span>
     <span class='ocr_line' id='line_1_46' title="bbox 105 2382 806 2422; baseline 0.003 -11"><span class='ocrx_word' id='word_1_284' title='bbox 105 2382 179 2412; x_wconf 88' lang='lat' dir='ltr'>libri</span> <span class='ocrx_word' id='word_1_285' title='bbox 204 2382 236 2411; x_wconf 89' lang='lat' dir='ltr'>in</span> <span class='ocrx_word' id='word_1_286' title='bbox 260 2392 414 2412; x_wconf 87' lang='lat' dir='ltr'>canonem</span> <span class='ocrx_word' id='word_1_287' title='bbox 443 2383 561 2422; x_wconf 85' lang='lat' dir='ltr'>recepti</span> <span class='ocrx_word' id='word_1_288' title='bbox 590 2383 622 2412; x_wconf 89' lang='lat' dir='ltr'>in</span> <span class='ocrx_word' id='word_1_289' title='bbox 648 2383 806 2421; x_wconf 86' lang='lat' dir='ltr'>Ecclesia,</span> 
     </span>
     <span class='ocr_line' id='line_1_47' title="bbox 106 2426 805 2464; baseline 0.004 -11"><span class='ocrx_word' id='word_1_290' title='bbox 106 2428 175 2454; x_wconf 80' lang='lat' dir='ltr'>tum</span> <span class='ocrx_word' id='word_1_291' title='bbox 192 2429 307 2460; x_wconf 89' lang='lat' dir='ltr'>vetere,</span> <span class='ocrx_word' id='word_1_292' title='bbox 324 2429 394 2454; x_wconf 87' lang='lat' dir='ltr'>tum</span> <span class='ocrx_word' id='word_1_293' title='bbox 411 2435 510 2461; x_wconf 85' lang='lat' dir='ltr'>nova;</span> <span class='ocrx_word' id='word_1_294' title='bbox 529 2436 544 2455; x_wconf 91' lang='lat' dir='ltr'>e</span> <span class='ocrx_word' id='word_1_295' title='bbox 562 2426 678 2464; x_wconf 87' lang='lat' dir='ltr'>quibus</span> <span class='ocrx_word' id='word_1_296' title='bbox 694 2436 805 2456; x_wconf 84' lang='lat' dir='ltr'>omnes</span> 
     </span>
     <span class='ocr_line' id='line_1_48' title="bbox 105 2466 805 2508; baseline 0.003 -12"><span class='ocrx_word' id='word_1_297' title='bbox 105 2466 179 2496; x_wconf 93' lang='lat' dir='ltr'>illos</span> <span class='ocrx_word' id='word_1_298' title='bbox 202 2467 323 2506; x_wconf 86' lang='lat' dir='ltr'>priseos</span> <span class='ocrx_word' id='word_1_299' title='bbox 341 2467 470 2497; x_wconf 78' lang='lat' dir='ltr'>Hebraei</span> <span class='ocrx_word' id='word_1_300' title='bbox 494 2468 662 2507; x_wconf 83' lang='lat' dir='ltr'>recipiunt.</span> <span class='ocrx_word' id='word_1_301' title='bbox 719 2468 746 2508; x_wconf 81' lang='lat'>[⁴</span> <span class='ocrx_word' id='word_1_302' title='bbox 760 2469 805 2498; x_wconf 92' lang='lat' dir='ltr'>Hi</span> 
     </span>
     <span class='ocr_line' id='line_1_49' title="bbox 107 2509 804 2550; baseline 0.004 -12"><span class='ocrx_word' id='word_1_303' title='bbox 107 2513 182 2539; x_wconf 89' lang='lat' dir='ltr'>sunt</span> <span class='ocrx_word' id='word_1_304' title='bbox 204 2509 290 2546; x_wconf 87' lang='lat' dir='ltr'>libri,</span> <span class='ocrx_word' id='word_1_305' title='bbox 312 2514 377 2539; x_wconf 87' lang='lat' dir='ltr'>tam</span> <span class='ocrx_word' id='word_1_306' title='bbox 400 2510 507 2549; x_wconf 82' lang='lat' dir='ltr'>prisci,</span> <span class='ocrx_word' id='word_1_307' title='bbox 532 2520 628 2550; x_wconf 88' lang='lat' dir='ltr'>quam</span> <span class='ocrx_word' id='word_1_308' title='bbox 651 2515 804 2548; x_wconf 85' lang='lat' dir='ltr'>recentes,</span> 
     </span>
     <span class='ocr_line' id='line_1_50' title="bbox 106 2551 804 2592; baseline 0.003 -11"><span class='ocrx_word' id='word_1_309' title='bbox 106 2552 162 2591; x_wconf 88' lang='lat' dir='ltr'>qui</span> <span class='ocrx_word' id='word_1_310' title='bbox 185 2551 217 2581; x_wconf 89' lang='lat' dir='ltr'>in</span> <span class='ocrx_word' id='word_1_311' title='bbox 242 2552 391 2582; x_wconf 84' lang='lat' dir='ltr'>Ecclesia</span> <span class='ocrx_word' id='word_1_312' title='bbox 414 2563 470 2592; x_wconf 89' lang='lat' dir='ltr'>pro</span> <span class='ocrx_word' id='word_1_313' title='bbox 498 2553 659 2583; x_wconf 86' lang='lat' dir='ltr'>canonicis</span> <span class='ocrx_word' id='word_1_314' title='bbox 686 2554 804 2583; x_wconf 81' lang='lat' dir='ltr'>haben-</span> 
     </span>
     <span class='ocr_line' id='line_1_51' title="bbox 104 2594 805 2634; baseline 0.004 -11"><span class='ocrx_word' id='word_1_315' title='bbox 104 2598 175 2629; x_wconf 90' lang='lat' dir='ltr'>tur;</span> <span class='ocrx_word' id='word_1_316' title='bbox 200 2604 236 2624; x_wconf 84' lang='lat' dir='ltr'>ac</span> <span class='ocrx_word' id='word_1_317' title='bbox 252 2594 372 2634; x_wconf 88' lang='lat' dir='ltr'>priscos</span> <span class='ocrx_word' id='word_1_318' title='bbox 394 2595 522 2634; x_wconf 87' lang='lat' dir='ltr'>quidem</span> <span class='ocrx_word' id='word_1_319' title='bbox 547 2605 656 2626; x_wconf 86' lang='lat' dir='ltr'>omnes</span> <span class='ocrx_word' id='word_1_320' title='bbox 673 2596 805 2626; x_wconf 79' lang='lat' dir='ltr'>Hebraei</span> 
     </span>
     <span class='ocr_line' id='line_1_52' title="bbox 105 2637 804 2677; baseline 0.004 -11"><span class='ocrx_word' id='word_1_321' title='bbox 105 2637 422 2677; x_wconf 81' lang='lat' dir='ltr'>recipiunt.’—Vers.</span> <span class='ocrx_word' id='word_1_322' title='bbox 443 2649 490 2677; x_wconf 80' lang='lat' dir='ltr'>ap.</span> <span class='ocrx_word' id='word_1_323' title='bbox 523 2639 676 2674; x_wconf 77' lang='lat' dir='ltr'>Gallaml.,</span> <span class='ocrx_word' id='word_1_324' title='bbox 701 2639 804 2669; x_wconf 86' lang='lat' dir='ltr'>where</span> 
     </span>
     <span class='ocr_line' id='line_1_53' title="bbox 105 2679 805 2719; baseline 0.004 -11"><span class='ocrx_word' id='word_1_325' title='bbox 105 2679 160 2708; x_wconf 88' lang='lat' dir='ltr'>the</span> <span class='ocrx_word' id='word_1_326' title='bbox 179 2681 277 2709; x_wconf 67' lang='lat' dir='ltr'>Greelc</span> <span class='ocrx_word' id='word_1_327' title='bbox 300 2680 365 2710; x_wconf 87' lang='lat' dir='ltr'>also</span> <span class='ocrx_word' id='word_1_328' title='bbox 390 2690 522 2719; x_wconf 83' lang='lat' dir='ltr'>appears</span> <span class='ocrx_word' id='word_1_329' title='bbox 546 2685 576 2710; x_wconf 90' lang='lat' dir='ltr'>to</span> <span class='ocrx_word' id='word_1_330' title='bbox 599 2681 636 2710; x_wconf 88' lang='lat' dir='ltr'>be</span> <span class='ocrx_word' id='word_1_331' title='bbox 661 2681 805 2712; x_wconf 82' lang='lat' dir='ltr'>different</span> 
     </span>
     <span class='ocr_line' id='line_1_54' title="bbox 104 2721 801 2754; baseline 0.004 -4"><span class='ocrx_word' id='word_1_332' title='bbox 104 2721 187 2750; x_wconf 80' lang='lat' dir='ltr'>from</span> <span class='ocrx_word' id='word_1_333' title='bbox 210 2722 279 2751; x_wconf 90' lang='lat' dir='ltr'>that</span> <span class='ocrx_word' id='word_1_334' title='bbox 300 2722 404 2752; x_wconf 88' lang='lat' dir='ltr'>which</span> <span class='ocrx_word' id='word_1_335' title='bbox 426 2723 524 2753; x_wconf 89' lang='lat' dir='ltr'>Cosin</span> <span class='ocrx_word' id='word_1_336' title='bbox 547 2723 644 2752; x_wconf 86' lang='lat' dir='ltr'>used:</span> <span class='ocrx_word' id='word_1_337' title='bbox 669 2722 801 2754; x_wconf 83' lang='grc' dir='ltr'>ἀκόλου-</span> 
     </span>
     <span class='ocr_line' id='line_1_55' title="bbox 107 2761 802 2805; baseline 0.006 -13"><span class='ocrx_word' id='word_1_338' title='bbox 107 2761 161 2792; x_wconf 88' lang='grc' dir='ltr'>θόν</span> <span class='ocrx_word' id='word_1_339' title='bbox 192 2764 261 2793; x_wconf 85' lang='grc' dir='ltr'>ἐστι</span> <span class='ocrx_word' id='word_1_340' title='bbox 295 2763 377 2802; x_wconf 82' lang='grc' dir='ltr'>μετὰ</span> <span class='ocrx_word' id='word_1_341' title='bbox 413 2763 454 2794; x_wconf 84' lang='grc' dir='ltr'>τὰ</span> <span class='ocrx_word' id='word_1_342' title='bbox 489 2764 704 2805; x_wconf 82' lang='grc' dir='ltr'>προλαβόντα,</span> <span class='ocrx_word' id='word_1_343' title='bbox 733 2766 802 2804; x_wconf 80' lang='grc' dir='ltr'>περὶ</span> 
     </span>
     <span class='ocr_line' id='line_1_56' title="bbox 107 2803 802 2843; baseline 0.006 -9"><span class='ocrx_word' id='word_1_344' title='bbox 107 2803 256 2843; x_wconf 80' lang='grc' dir='ltr'>αἱρέσεών</span> <span class='ocrx_word' id='word_1_345' title='bbox 267 2818 358 2836; x_wconf 85' lang='grc' dir='ltr'>τινων</span> <span class='ocrx_word' id='word_1_346' title='bbox 370 2807 542 2842; x_wconf 80' lang='grc' dir='ltr'>διαλαβεῖν.</span> <span class='ocrx_word' id='word_1_347' title='bbox 568 2807 627 2838; x_wconf 80' lang='grc' dir='ltr'>εἶσὶ</span> <span class='ocrx_word' id='word_1_348' title='bbox 644 2806 677 2838; x_wconf 82' lang='grc' dir='ltr'>δὲ</span> <span class='ocrx_word' id='word_1_349' title='bbox 695 2808 726 2837; x_wconf 84' lang='grc' dir='ltr'>αἱ</span> <span class='ocrx_word' id='word_1_350' title='bbox 741 2807 802 2838; x_wconf 78' lang='grc' dir='ltr'>πά-</span> 
     </span>
     <span class='ocr_line' id='line_1_57' title="bbox 108 2845 802 2889; baseline 0.006 -13"><span class='ocrx_word' id='word_1_351' title='bbox 108 2858 160 2876; x_wconf 89' lang='grc' dir='ltr'>σαι</span> <span class='ocrx_word' id='word_1_352' title='bbox 186 2845 250 2877; x_wconf 81' lang='grc' dir='ltr'>πδ’.</span> <span class='ocrx_word' id='word_1_353' title='bbox 283 2846 318 2878; x_wconf 71' lang='grc' dir='ltr'>ἃς</span> <span class='ocrx_word' id='word_1_354' title='bbox 341 2847 556 2889; x_wconf 80' lang='grc' dir='ltr'>ἀπαριθμεῖται</span> <span class='ocrx_word' id='word_1_355' title='bbox 583 2848 762 2888; x_wconf 81' lang='grc' dir='ltr'>Ἐπιφάνιος</span> <span class='ocrx_word' id='word_1_356' title='bbox 786 2851 802 2880; x_wconf 82' lang='grc' dir='ltr'><em>ὁ</em></span> 
     </span>
     <span class='ocr_line' id='line_1_58' title="bbox 108 2887 799 2931; baseline 0.007 -13"><span class='ocrx_word' id='word_1_357' title='bbox 108 2887 234 2928; x_wconf 80' lang='grc' dir='ltr'>Κύπρου</span> <span class='ocrx_word' id='word_1_358' title='bbox 249 2887 428 2921; x_wconf 79' lang='grc' dir='ltr'>ἐπίσκοπος.</span> <span class='ocrx_word' id='word_1_359' title='bbox 453 2891 539 2922; x_wconf 82' lang='grc' dir='ltr'>ἀλλὰ</span> <span class='ocrx_word' id='word_1_360' title='bbox 550 2891 608 2931; x_wconf 72' lang='grc' dir='ltr'>πρὸ</span> <span class='ocrx_word' id='word_1_361' title='bbox 624 2893 680 2922; x_wconf 79' lang='grc' dir='ltr'>τοῦ</span> <span class='ocrx_word' id='word_1_362' title='bbox 697 2891 799 2931; x_wconf 81' lang='grc' dir='ltr'>ἅψασ-</span> 
     </span>
     <span class='ocr_line' id='line_1_59' title="bbox 108 2931 801 2972; baseline 0.006 -12"><span class='ocrx_word' id='word_1_363' title='bbox 108 2933 157 2960; x_wconf 88' lang='grc' dir='ltr'>θαι</span> <span class='ocrx_word' id='word_1_364' title='bbox 177 2931 257 2968; x_wconf 81' lang='grc' dir='ltr'>ἡμᾶς</span> <span class='ocrx_word' id='word_1_365' title='bbox 281 2931 390 2968; x_wconf 80' lang='grc' dir='ltr'>αὐτῶν,</span> <span class='ocrx_word' id='word_1_366' title='bbox 416 2932 493 2964; x_wconf 82' lang='grc' dir='ltr'>τέως</span> <span class='ocrx_word' id='word_1_367' title='bbox 519 2933 801 2972; x_wconf 85' lang='grc' dir='ltr'>ἀπαριθμησώμεθα</span> 
     </span>
     <span class='ocr_line' id='line_1_60' title="bbox 106 2972 801 3010; baseline 0.006 -7"><span class='ocrx_word' id='word_1_368' title='bbox 106 2972 147 3003; x_wconf 81' lang='grc' dir='ltr'>τὰ</span> <span class='ocrx_word' id='word_1_369' title='bbox 171 2974 420 3010; x_wconf 79' lang='grc' dir='ltr'>ἐκκλησιαστικὰ</span> <span class='ocrx_word' id='word_1_370' title='bbox 449 2976 572 3010; x_wconf 83' lang='grc' dir='ltr'>βιβλία.</span> <span class='ocrx_word' id='word_1_371' title='bbox 604 2978 667 3006; x_wconf 81' lang='grc' dir='ltr'>τῶν</span> <span class='ocrx_word' id='word_1_372' title='bbox 695 2977 801 3007; x_wconf 78' lang='grc' dir='ltr'>τοίνυν</span> 
     </span>
     <span class='ocr_line' id='line_1_61' title="bbox 108 3015 800 3056; baseline 0.003 -10"><span class='ocrx_word' id='word_1_373' title='bbox 108 3015 380 3053; x_wconf 82' lang='grc' dir='ltr'>ἐκκλησιαστικῶν</span> <span class='ocrx_word' id='word_1_374' title='bbox 410 3016 554 3055; x_wconf 84' lang='grc' dir='ltr'>βιβλίων,</span> <span class='ocrx_word' id='word_1_375' title='bbox 584 3018 626 3048; x_wconf 78' lang='grc' dir='ltr'>τὰ</span> <span class='ocrx_word' id='word_1_376' title='bbox 655 3017 714 3056; x_wconf 87' lang='grc' dir='ltr'>μὲν</span> <span class='ocrx_word' id='word_1_377' title='bbox 742 3020 800 3055; x_wconf 77' lang='grc' dir='ltr'>τῆς</span> 
     </span>
    </p>
   </div>
   <div class='ocr_carea' id='block_1_14' title="bbox 858 1360 1567 3060">
    <p class='ocr_par' dir='ltr' id='par_1_14' title="bbox 864 1360 1567 2125">
     <span class='ocr_line' id='line_1_62' title="bbox 864 1360 1565 1402; baseline 0.001 -11"><span class='ocrx_word' id='word_1_378' title='bbox 864 1363 1000 1393; x_wconf 76' lang='grc' dir='ltr'>παλαιᾶς</span> <span class='ocrx_word' id='word_1_379' title='bbox 1025 1361 1086 1392; x_wconf 82' lang='grc' dir='ltr'>εἱσι</span> <span class='ocrx_word' id='word_1_380' title='bbox 1113 1363 1246 1402; x_wconf 67' lang='grc' dir='ltr'>γραφῆς·</span> <span class='ocrx_word' id='word_1_381' title='bbox 1275 1361 1314 1392; x_wconf 80' lang='grc' dir='ltr'>τὰ</span> <span class='ocrx_word' id='word_1_382' title='bbox 1345 1360 1379 1392; x_wconf 84' lang='grc' dir='ltr'>δὲ</span> <span class='ocrx_word' id='word_1_383' title='bbox 1403 1363 1460 1398; x_wconf 81' lang='grc' dir='ltr'>τῆς</span> <span class='ocrx_word' id='word_1_384' title='bbox 1486 1360 1565 1392; x_wconf 80' lang='grc' dir='ltr'>νέας.</span> 
     </span>
     <span class='ocr_line' id='line_1_63' title="bbox 864 1403 1567 1444; baseline 0 -10"><span class='ocrx_word' id='word_1_385' title='bbox 864 1405 1002 1435; x_wconf 85' lang='grc' dir='ltr'>παλαὶαν</span> <span class='ocrx_word' id='word_1_386' title='bbox 1027 1404 1058 1434; x_wconf 86' lang='grc' dir='ltr'>δὲ</span> <span class='ocrx_word' id='word_1_387' title='bbox 1086 1403 1226 1444; x_wconf 72' lang='grc' dir='ltr'>λέγομεν</span> <span class='ocrx_word' id='word_1_388' title='bbox 1256 1404 1391 1443; x_wconf 69' lang='grc' dir='ltr'>γραφὴν,</span> <span class='ocrx_word' id='word_1_389' title='bbox 1417 1405 1477 1441; x_wconf 72' lang='grc' dir='ltr'>τὴν</span> <span class='ocrx_word' id='word_1_390' title='bbox 1508 1404 1567 1444; x_wconf 81' lang='grc' dir='ltr'>πρὸ</span> 
     </span>
     <span class='ocr_line' id='line_1_64' title="bbox 864 1446 1567 1487; baseline 0 -10"><span class='ocrx_word' id='word_1_391' title='bbox 864 1449 922 1484; x_wconf 81' lang='grc' dir='ltr'>τῆς</span> <span class='ocrx_word' id='word_1_392' title='bbox 951 1446 1116 1486; x_wconf 78' lang='grc' dir='ltr'>παρουσίας</span> <span class='ocrx_word' id='word_1_393' title='bbox 1146 1449 1204 1477; x_wconf 80' lang='grc' dir='ltr'>τοῦ</span> <span class='ocrx_word' id='word_1_394' title='bbox 1232 1448 1382 1487; x_wconf 80' lang='grc' dir='ltr'>Χριστοῦ·</span> <span class='ocrx_word' id='word_1_395' title='bbox 1417 1447 1490 1477; x_wconf 86' lang='grc' dir='ltr'>νέαν</span> <span class='ocrx_word' id='word_1_396' title='bbox 1522 1446 1567 1484; x_wconf 83' lang='grc' dir='ltr'>δὲ,</span> 
     </span>
     <span class='ocr_line' id='line_1_65' title="bbox 864 1489 1567 1529; baseline 0 -9"><span class='ocrx_word' id='word_1_397' title='bbox 864 1490 924 1526; x_wconf 74' lang='grc' dir='ltr'>τὴν</span> <span class='ocrx_word' id='word_1_398' title='bbox 947 1489 1029 1528; x_wconf 79' lang='grc' dir='ltr'>μετὰ</span> <span class='ocrx_word' id='word_1_399' title='bbox 1057 1490 1117 1526; x_wconf 81' lang='grc' dir='ltr'>τὴν</span> <span class='ocrx_word' id='word_1_400' title='bbox 1141 1489 1321 1529; x_wconf 81' lang='grc' dir='ltr'>παρουσίαν.</span> <span class='ocrx_word' id='word_1_401' title='bbox 1349 1491 1406 1526; x_wconf 79' lang='grc' dir='ltr'>τῆς</span> <span class='ocrx_word' id='word_1_402' title='bbox 1430 1489 1488 1527; x_wconf 85' lang='grc' dir='ltr'>μὲν</span> <span class='ocrx_word' id='word_1_403' title='bbox 1512 1489 1567 1520; x_wconf 71' lang='grc' dir='ltr'>οὖν</span> 
     </span>
     <span class='ocr_line' id='line_1_66' title="bbox 864 1531 1566 1570; baseline 0 -8"><span class='ocrx_word' id='word_1_404' title='bbox 864 1534 1000 1563; x_wconf 77' lang='grc' dir='ltr'>παλαιᾶς</span> <span class='ocrx_word' id='word_1_405' title='bbox 1025 1531 1136 1568; x_wconf 86' lang='grc' dir='ltr'>βιβλία</span> <span class='ocrx_word' id='word_1_406' title='bbox 1170 1532 1250 1562; x_wconf 81' lang='grc' dir='ltr'>εἰσὶν</span> <span class='ocrx_word' id='word_1_407' title='bbox 1274 1531 1347 1568; x_wconf 84' lang='grc' dir='ltr'>κβ’.,</span> <span class='ocrx_word' id='word_1_408' title='bbox 1374 1532 1415 1562; x_wconf 77' lang='grc' dir='ltr'>ὧν</span> <span class='ocrx_word' id='word_1_409' title='bbox 1438 1532 1480 1562; x_wconf 84' lang='grc' dir='ltr'>τὰ</span> <span class='ocrx_word' id='word_1_410' title='bbox 1508 1534 1566 1570; x_wconf 84' lang='grc' dir='ltr'>μέν</span> 
     </span>
     <span class='ocr_line' id='line_1_67' title="bbox 866 1574 1565 1615; baseline 0.001 -11"><span class='ocrx_word' id='word_1_411' title='bbox 866 1574 944 1605; x_wconf 86' lang='grc' dir='ltr'>εἰσιν</span> <span class='ocrx_word' id='word_1_412' title='bbox 966 1575 1116 1615; x_wconf 83' lang='grc' dir='ltr'>ἱστορικὰ,</span> <span class='ocrx_word' id='word_1_413' title='bbox 1139 1575 1181 1605; x_wconf 82' lang='grc' dir='ltr'>τὰ</span> <span class='ocrx_word' id='word_1_414' title='bbox 1205 1575 1237 1605; x_wconf 83' lang='grc' dir='ltr'>δὲ</span> <span class='ocrx_word' id='word_1_415' title='bbox 1260 1574 1449 1614; x_wconf 79' lang='grc' dir='ltr'>προφητικὰ,</span> <span class='ocrx_word' id='word_1_416' title='bbox 1474 1575 1515 1605; x_wconf 83' lang='grc' dir='ltr'>τὰ</span> <span class='ocrx_word' id='word_1_417' title='bbox 1532 1574 1565 1605; x_wconf 83' lang='grc' dir='ltr'>δὲ</span> 
     </span>
     <span class='ocr_line' id='line_1_68' title="bbox 864 1616 1563 1657; baseline 0.001 -11"><span class='ocrx_word' id='word_1_418' title='bbox 864 1618 1076 1657; x_wconf 82' lang='grc' dir='ltr'>παραινετικὰ,</span> <span class='ocrx_word' id='word_1_419' title='bbox 1092 1618 1132 1648; x_wconf 80' lang='grc' dir='ltr'>τὰ</span> <span class='ocrx_word' id='word_1_420' title='bbox 1155 1617 1188 1648; x_wconf 82' lang='grc' dir='ltr'>δὲ</span> <span class='ocrx_word' id='word_1_421' title='bbox 1211 1617 1287 1656; x_wconf 81' lang='grc' dir='ltr'>πρὸς</span> <span class='ocrx_word' id='word_1_422' title='bbox 1302 1617 1340 1647; x_wconf 77' lang='grc' dir='ltr'>τὸ</span> <span class='ocrx_word' id='word_1_423' title='bbox 1355 1616 1492 1657; x_wconf 79' lang='grc' dir='ltr'>ψάλλειν</span> <span class='ocrx_word' id='word_1_424' title='bbox 1507 1629 1563 1655; x_wconf 77' lang='grc' dir='ltr'>’γε-</span> 
     </span>
     <span class='ocr_line' id='line_1_69' title="bbox 864 1658 1562 1699; baseline 0 -9"><span class='ocrx_word' id='word_1_425' title='bbox 864 1658 988 1698; x_wconf 82' lang='grc' dir='ltr'>νόμενα.</span> <span class='ocrx_word' id='word_1_426' title='bbox 1022 1660 1048 1690; x_wconf 85' lang='grc' dir='ltr'>εἰ</span> <span class='ocrx_word' id='word_1_427' title='bbox 1068 1659 1101 1691; x_wconf 84' lang='grc' dir='ltr'>δὲ</span> <span class='ocrx_word' id='word_1_428' title='bbox 1126 1660 1176 1691; x_wconf 78' lang='grc' dir='ltr'>καὶ</span> <span class='ocrx_word' id='word_1_429' title='bbox 1208 1659 1346 1690; x_wconf 80' lang='grc' dir='ltr'>ἕκαστον</span> <span class='ocrx_word' id='word_1_430' title='bbox 1376 1661 1409 1690; x_wconf 89' lang='grc' dir='ltr'>ἐν</span> <span class='ocrx_word' id='word_1_431' title='bbox 1440 1659 1562 1699; x_wconf 80' lang='grc' dir='ltr'>ἑκάστῳ</span> 
     </span>
     <span class='ocr_line' id='line_1_70' title="bbox 869 1702 1561 1743; baseline 0 -10"><span class='ocrx_word' id='word_1_432' title='bbox 869 1702 1055 1743; x_wconf 77' lang='grc' dir='ltr'>εὑρίσκεται,</span> <span class='ocrx_word' id='word_1_433' title='bbox 1081 1703 1155 1733; x_wconf 75' lang='grc' dir='ltr'>ἀλλ’</span> <span class='ocrx_word' id='word_1_434' title='bbox 1179 1702 1233 1733; x_wconf 71' lang='grc' dir='ltr'>οὖν</span> <span class='ocrx_word' id='word_1_435' title='bbox 1257 1702 1318 1733; x_wconf 81' lang='grc' dir='ltr'>ἀπὸ</span> <span class='ocrx_word' id='word_1_436' title='bbox 1340 1704 1399 1733; x_wconf 79' lang='grc' dir='ltr'>τοῦ</span> <span class='ocrx_word' id='word_1_437' title='bbox 1424 1702 1561 1734; x_wconf 79' lang='grc' dir='ltr'>πλεονά-</span> 
     </span>
     <span class='ocr_line' id='line_1_71' title="bbox 868 1743 1564 1784; baseline 0.001 -9"><span class='ocrx_word' id='word_1_438' title='bbox 868 1743 977 1784; x_wconf 74' lang='grc' dir='ltr'>ζοντος</span> <span class='ocrx_word' id='word_1_439' title='bbox 1008 1744 1143 1776; x_wconf 77' lang='grc' dir='ltr'>ἕκαστον</span> <span class='ocrx_word' id='word_1_440' title='bbox 1180 1744 1342 1782; x_wconf 76' lang='grc' dir='ltr'>κέκληται.</span> <span class='ocrx_word' id='word_1_441' title='bbox 1382 1745 1423 1776; x_wconf 84' lang='grc' dir='ltr'>τὰ</span> <span class='ocrx_word' id='word_1_442' title='bbox 1457 1745 1564 1776; x_wconf 82' lang='grc' dir='ltr'>τοίνυν</span> 
     </span>
     <span class='ocr_line' id='line_1_72' title="bbox 868 1787 1563 1827; baseline 0 -9"><span class='ocrx_word' id='word_1_443' title='bbox 868 1788 1009 1827; x_wconf 81' lang='grc' dir='ltr'>ἱστορικὰ</span> <span class='ocrx_word' id='word_1_444' title='bbox 1033 1787 1146 1824; x_wconf 86' lang='grc' dir='ltr'>βιβλία</span> <span class='ocrx_word' id='word_1_445' title='bbox 1169 1787 1242 1818; x_wconf 80' lang='grc' dir='ltr'>εἶσὶ·</span> <span class='ocrx_word' id='word_1_446' title='bbox 1265 1794 1360 1819; x_wconf 82' lang='grc' dir='ltr'>κ.τ.λ.</span> <span class='ocrx_word' id='word_1_447' title='bbox 1378 1812 1384 1819; x_wconf 94' lang='grc'><strong>.</strong></span> <span class='ocrx_word' id='word_1_448' title='bbox 1404 1812 1410 1819; x_wconf 96' lang='grc'>.</span> <span class='ocrx_word' id='word_1_449' title='bbox 1427 1810 1436 1819; x_wconf 83' lang='grc'>,.</span> <span class='ocrx_word' id='word_1_450' title='bbox 1454 1788 1515 1818; x_wconf 78' lang='grc' dir='ltr'>εἶσὶ</span> <span class='ocrx_word' id='word_1_451' title='bbox 1530 1787 1563 1818; x_wconf 79' lang='grc' dir='ltr'>δὲ</span> 
     </span>
     <span class='ocr_line' id='line_1_73' title="bbox 865 1830 1563 1871; baseline 0 -10"><span class='ocrx_word' id='word_1_452' title='bbox 865 1832 967 1861; x_wconf 82' lang='grc' dir='ltr'>ταῦτα</span> <span class='ocrx_word' id='word_1_453' title='bbox 987 1830 1028 1861; x_wconf 82' lang='grc' dir='ltr'>τοὶ</span> <span class='ocrx_word' id='word_1_454' title='bbox 1051 1830 1122 1871; x_wconf 90' lang='grc' dir='ltr'>τρία</span> <span class='ocrx_word' id='word_1_455' title='bbox 1145 1830 1260 1866; x_wconf 84' lang='grc' dir='ltr'>βιβλία</span> <span class='ocrx_word' id='word_1_456' title='bbox 1274 1832 1331 1861; x_wconf 84' lang='grc' dir='ltr'>τοῦ</span> <span class='ocrx_word' id='word_1_457' title='bbox 1348 1833 1563 1869; x_wconf 78' lang='grc' dir='ltr'>Σολομῶντος·</span> 
     </span>
     <span class='ocr_line' id='line_1_74' title="bbox 865 1872 1562 1912; baseline 0 -9"><span class='ocrx_word' id='word_1_458' title='bbox 865 1873 946 1911; x_wconf 83' lang='grc' dir='ltr'>μετὰ</span> <span class='ocrx_word' id='word_1_459' title='bbox 959 1872 1059 1904; x_wconf 79' lang='grc' dir='ltr'>ταῦτά</span> <span class='ocrx_word' id='word_1_460' title='bbox 1076 1875 1146 1903; x_wconf 84' lang='grc' dir='ltr'>ἐστι</span> <span class='ocrx_word' id='word_1_461' title='bbox 1162 1877 1199 1903; x_wconf 86' lang='grc' dir='ltr'>τὸ</span> <span class='ocrx_word' id='word_1_462' title='bbox 1214 1874 1404 1912; x_wconf 80' lang='grc' dir='ltr'>Ψαλτήριον·</span> <span class='ocrx_word' id='word_1_463' title='bbox 1420 1874 1470 1904; x_wconf 81' lang='grc' dir='ltr'>καὶ</span> <span class='ocrx_word' id='word_1_464' title='bbox 1488 1875 1562 1903; x_wconf 82' lang='grc' dir='ltr'>ταῦ-</span> 
     </span>
     <span class='ocr_line' id='line_1_75' title="bbox 865 1914 1562 1953; baseline 0.001 -8"><span class='ocrx_word' id='word_1_465' title='bbox 865 1928 906 1946; x_wconf 88' lang='grc' dir='ltr'>τα</span> <span class='ocrx_word' id='word_1_466' title='bbox 920 1914 978 1953; x_wconf 85' lang='grc' dir='ltr'>μέν</span> <span class='ocrx_word' id='word_1_467' title='bbox 995 1915 1055 1947; x_wconf 85' lang='grc' dir='ltr'>εἶσι</span> <span class='ocrx_word' id='word_1_468' title='bbox 1072 1917 1110 1946; x_wconf 79' lang='grc' dir='ltr'>τὸ</span> <span class='ocrx_word' id='word_1_469' title='bbox 1127 1916 1188 1950; x_wconf 83' lang='grc' dir='ltr'>κβ’.</span> <span class='ocrx_word' id='word_1_470' title='bbox 1205 1915 1319 1950; x_wconf 87' lang='grc' dir='ltr'>βιβλία</span> <span class='ocrx_word' id='word_1_471' title='bbox 1342 1917 1400 1952; x_wconf 77' lang='grc' dir='ltr'>τῆς</span> <span class='ocrx_word' id='word_1_472' title='bbox 1416 1917 1562 1951; x_wconf 75' lang='grc' dir='ltr'>παλαιᾶς,</span> 
     </span>
     <span class='ocr_line' id='line_1_76' title="bbox 866 1957 1565 1996; baseline 0 -8"><span class='ocrx_word' id='word_1_473' title='bbox 866 1964 959 1988; x_wconf 84' lang='grc' dir='ltr'>κ.τ.λ.</span> <span class='ocrx_word' id='word_1_474' title='bbox 984 1982 991 1988; x_wconf 97' lang='grc'><em>.</em></span> <span class='ocrx_word' id='word_1_475' title='bbox 1009 1981 1015 1988; x_wconf 92' lang='grc'><strong>.</strong></span> <span class='ocrx_word' id='word_1_476' title='bbox 1034 1982 1040 1988; x_wconf 96' lang='grc'><em>.</em></span> <span class='ocrx_word' id='word_1_477' title='bbox 1062 1957 1164 1988; x_wconf 82' lang='grc' dir='ltr'>ταῦτά</span> <span class='ocrx_word' id='word_1_478' title='bbox 1188 1959 1257 1988; x_wconf 86' lang='grc' dir='ltr'>ἐστι</span> <span class='ocrx_word' id='word_1_479' title='bbox 1278 1958 1320 1988; x_wconf 83' lang='grc' dir='ltr'>τὰ</span> <span class='ocrx_word' id='word_1_480' title='bbox 1342 1957 1565 1996; x_wconf 77' lang='grc' dir='ltr'>κανονιζόμενα</span> 
     </span>
     <span class='ocr_line' id='line_1_77' title="bbox 866 1999 1563 2040; baseline 0.001 -10"><span class='ocrx_word' id='word_1_481' title='bbox 866 2000 981 2036; x_wconf 83' lang='grc' dir='ltr'>βιβλία</span> <span class='ocrx_word' id='word_1_482' title='bbox 997 2002 1030 2030; x_wconf 87' lang='grc' dir='ltr'>ἐν</span> <span class='ocrx_word' id='word_1_483' title='bbox 1045 2003 1085 2040; x_wconf 80' lang='grc' dir='ltr'>τῇ</span> <span class='ocrx_word' id='word_1_484' title='bbox 1110 1999 1275 2040; x_wconf 71' lang='grc' dir='ltr'>ἐκκλησίᾳ,</span> <span class='ocrx_word' id='word_1_485' title='bbox 1293 2000 1343 2031; x_wconf 81' lang='grc' dir='ltr'>καὶ</span> <span class='ocrx_word' id='word_1_486' title='bbox 1366 2000 1494 2037; x_wconf 83' lang='grc' dir='ltr'>παλαιὰ,</span> <span class='ocrx_word' id='word_1_487' title='bbox 1513 2001 1563 2031; x_wconf 79' lang='grc' dir='ltr'>καὶ</span> 
     </span>
     <span class='ocr_line' id='line_1_78' title="bbox 864 2040 1565 2082; baseline 0.001 -10"><span class='ocrx_word' id='word_1_488' title='bbox 864 2042 930 2073; x_wconf 81' lang='grc' dir='ltr'>νέα’</span> <span class='ocrx_word' id='word_1_489' title='bbox 963 2042 1004 2073; x_wconf 74' lang='grc' dir='ltr'>ὧν</span> <span class='ocrx_word' id='word_1_490' title='bbox 1031 2042 1071 2073; x_wconf 81' lang='grc' dir='ltr'>τὰ</span> <span class='ocrx_word' id='word_1_491' title='bbox 1093 2042 1212 2073; x_wconf 74' lang='grc' dir='ltr'>παλαιοὶ</span> <span class='ocrx_word' id='word_1_492' title='bbox 1234 2041 1338 2073; x_wconf 78' lang='grc' dir='ltr'>πάντα</span> <span class='ocrx_word' id='word_1_493' title='bbox 1364 2040 1513 2082; x_wconf 83' lang='grc' dir='ltr'>δέχονται</span> <span class='ocrx_word' id='word_1_494' title='bbox 1536 2044 1565 2073; x_wconf 86' lang='grc' dir='ltr'>οἶ</span> 
     </span>
     <span class='ocr_line' id='line_1_79' title="bbox 864 2084 1027 2125; baseline -0.006 -10"><span class='ocrx_word' id='word_1_495' title='bbox 864 2084 1027 2125; x_wconf 75' lang='grc' dir='ltr'>Ἑβραῖοι.]</span> 
     </span>
    </p>

    <p class='ocr_par' dir='ltr' id='par_1_15' title="bbox 863 2127 1565 2637">
     <span class='ocr_line' id='line_1_80' title="bbox 909 2127 1562 2168; baseline 0 -11"><span class='ocrx_word' id='word_1_496' title='bbox 909 2134 923 2153; x_wconf 70' lang='lat'>‘4</span> <span class='ocrx_word' id='word_1_497' title='bbox 946 2128 1017 2157; x_wconf 86' lang='lat' dir='ltr'>Joh.</span> <span class='ocrx_word' id='word_1_498' title='bbox 1034 2127 1138 2158; x_wconf 83' lang='lat' dir='ltr'>Maria</span> <span class='ocrx_word' id='word_1_499' title='bbox 1157 2127 1470 2168; x_wconf 76' lang='lat' dir='ltr'>[Brasicliellensis,]</span> <span class='ocrx_word' id='word_1_500' title='bbox 1489 2128 1562 2158; x_wconf 87' lang='lat' dir='ltr'>Ma-</span> 
     </span>
     <span class='ocr_line' id='line_1_81' title="bbox 863 2170 1564 2210; baseline 0 -10"><span class='ocrx_word' id='word_1_501' title='bbox 863 2171 960 2209; x_wconf 83' lang='lat' dir='ltr'>gister</span> <span class='ocrx_word' id='word_1_502' title='bbox 979 2171 1008 2200; x_wconf 81' lang='lat' dir='ltr'>S.</span> <span class='ocrx_word' id='word_1_503' title='bbox 1022 2170 1146 2207; x_wconf 79' lang='lat' dir='ltr'>Palatii,</span> <span class='ocrx_word' id='word_1_504' title='bbox 1161 2171 1263 2200; x_wconf 87' lang='lat' dir='ltr'>lndic.</span> <span class='ocrx_word' id='word_1_505' title='bbox 1278 2172 1374 2201; x_wconf 83' lang='lat' dir='ltr'>Rom.</span> <span class='ocrx_word' id='word_1_506' title='bbox 1393 2170 1564 2210; x_wconf 89' lang='lat' dir='ltr'>[librorum</span> 
     </span>
     <span class='ocr_line' id='line_1_82' title="bbox 864 2212 1561 2252; baseline 0.003 -10"><span class='ocrx_word' id='word_1_507' title='bbox 864 2212 1078 2252; x_wconf 69' lang='lat' dir='ltr'>expurgand]</span> <span class='ocrx_word' id='word_1_508' title='bbox 1098 2223 1126 2252; x_wconf 85' lang='lat' dir='ltr'>p.</span> <span class='ocrx_word' id='word_1_509' title='bbox 1148 2213 1217 2245; x_wconf 84' lang='lat'>117.</span> <span class='ocrx_word' id='word_1_510' title='bbox 1238 2212 1302 2252; x_wconf 87' lang='lat' dir='ltr'>[ed.</span> <span class='ocrx_word' id='word_1_511' title='bbox 1323 2214 1448 2250; x_wconf 82' lang='lat' dir='ltr'>Romae,</span> <span class='ocrx_word' id='word_1_512' title='bbox 1471 2214 1561 2245; x_wconf 83' lang='lat'>1607.</span> 
     </span>
     <span class='ocr_line' id='line_1_83' title="bbox 866 2256 1562 2296; baseline -0.001 -10"><span class='ocrx_word' id='word_1_513' title='bbox 866 2266 894 2295; x_wconf 87' lang='lat' dir='ltr'>p.</span> <span class='ocrx_word' id='word_1_514' title='bbox 913 2256 1068 2286; x_wconf 79' lang='lat' dir='ltr'>13-1-.-1n</span> <span class='ocrx_word' id='word_1_515' title='bbox 1084 2256 1216 2285; x_wconf 84' lang='lat' dir='ltr'>Leontio</span> <span class='ocrx_word' id='word_1_516' title='bbox 1233 2256 1408 2293; x_wconf 80' lang='lat' dir='ltr'>Advocato,</span> <span class='ocrx_word' id='word_1_517' title='bbox 1423 2266 1471 2296; x_wconf 86' lang='lat' dir='ltr'>ap.</span> <span class='ocrx_word' id='word_1_518' title='bbox 1487 2261 1562 2286; x_wconf 88' lang='lat' dir='ltr'>tom.</span> 
     </span>
     <span class='ocr_line' id='line_1_84' title="bbox 865 2298 1563 2335; baseline 0.003 -8"><span class='ocrx_word' id='word_1_519' title='bbox 865 2298 906 2328; x_wconf 89' lang='lat' dir='ltr'>iv.</span> <span class='ocrx_word' id='word_1_520' title='bbox 934 2298 1016 2327; x_wconf 82' lang='lat' dir='ltr'>Bibl.</span> <span class='ocrx_word' id='word_1_521' title='bbox 1043 2298 1098 2328; x_wconf 80' lang='lat' dir='ltr'>SS.</span> <span class='ocrx_word' id='word_1_522' title='bbox 1125 2299 1208 2328; x_wconf 84' lang='lat' dir='ltr'>Patr.</span> <span class='ocrx_word' id='word_1_523' title='bbox 1237 2299 1283 2329; x_wconf 85' lang='lat' dir='ltr'>ed.</span> <span class='ocrx_word' id='word_1_524' title='bbox 1309 2301 1337 2328; x_wconf 87' lang='grc'>2.</span> <span class='ocrx_word' id='word_1_525' title='bbox 1362 2298 1444 2335; x_wconf 64' lang='lat' dir='ltr'>Par„</span> <span class='ocrx_word' id='word_1_526' title='bbox 1472 2300 1563 2330; x_wconf 82' lang='lat'>1589.</span> 
     </span>
     <span class='ocr_line' id='line_1_85' title="bbox 864 2341 1563 2380; baseline 0.001 -10"><span class='ocrx_word' id='word_1_527' title='bbox 864 2351 921 2380; x_wconf 88' lang='lat' dir='ltr'>per</span> <span class='ocrx_word' id='word_1_528' title='bbox 932 2341 1106 2380; x_wconf 57' lang='lat' dir='ltr'>lN‘Iargarin.</span> <span class='ocrx_word' id='word_1_529' title='bbox 1125 2341 1162 2371; x_wconf 87' lang='lat' dir='ltr'>de</span> <span class='ocrx_word' id='word_1_530' title='bbox 1179 2341 1208 2370; x_wconf 89' lang='lat' dir='ltr'>la</span> <span class='ocrx_word' id='word_1_531' title='bbox 1220 2341 1518 2380; x_wconf 78' lang='lat' dir='ltr'>Bigne.—Acti0ne</span> <span class='ocrx_word' id='word_1_532' title='bbox 1534 2344 1563 2378; x_wconf 85' lang='lat'>2,</span> 
     </span>
     <span class='ocr_line' id='line_1_86' title="bbox 865 2383 1565 2420; baseline 0.003 -8"><span class='ocrx_word' id='word_1_533' title='bbox 865 2384 1004 2413; x_wconf 87' lang='lat' dir='ltr'>column.</span> <span class='ocrx_word' id='word_1_534' title='bbox 1023 2386 1071 2414; x_wconf 85' lang='lat'>96.</span> <span class='ocrx_word' id='word_1_535' title='bbox 1092 2384 1128 2413; x_wconf 83' lang='lat' dir='ltr'>B.</span> <span class='ocrx_word' id='word_1_536' title='bbox 1146 2384 1178 2413; x_wconf 89' lang='lat' dir='ltr'>in</span> <span class='ocrx_word' id='word_1_537' title='bbox 1203 2388 1294 2414; x_wconf 84' lang='lat' dir='ltr'>textu</span> <span class='ocrx_word' id='word_1_538' title='bbox 1316 2383 1370 2420; x_wconf 89' lang='lat' dir='ltr'>ibi,</span> <span class='ocrx_word' id='word_1_539' title='bbox 1389 2384 1465 2413; x_wconf 89' lang='lat' dir='ltr'>“Hi</span> <span class='ocrx_word' id='word_1_540' title='bbox 1490 2389 1565 2414; x_wconf 88' lang='lat' dir='ltr'>sunt</span> 
     </span>
     <span class='ocr_line' id='line_1_87' title="bbox 864 2425 1563 2466; baseline 0.001 -11"><span class='ocrx_word' id='word_1_541' title='bbox 864 2425 936 2455; x_wconf 85' lang='lat' dir='ltr'>libri</span> <span class='ocrx_word' id='word_1_542' title='bbox 951 2430 1014 2456; x_wconf 89' lang='lat' dir='ltr'>tam</span> <span class='ocrx_word' id='word_1_543' title='bbox 1033 2426 1162 2466; x_wconf 85' lang='lat' dir='ltr'>prisci,”</span> <span class='ocrx_word' id='word_1_544' title='bbox 1182 2427 1256 2462; x_wconf 85' lang='lat' dir='ltr'>&amp;c.;</span> <span class='ocrx_word' id='word_1_545' title='bbox 1282 2436 1406 2466; x_wconf 84' lang='lat' dir='ltr'>appone</span> <span class='ocrx_word' id='word_1_546' title='bbox 1422 2427 1462 2456; x_wconf 89' lang='lat' dir='ltr'>ad</span> <span class='ocrx_word' id='word_1_547' title='bbox 1478 2437 1563 2456; x_wconf 83' lang='lat' dir='ltr'>mar-</span> 
     </span>
     <span class='ocr_line' id='line_1_88' title="bbox 864 2468 1562 2508; baseline 0 -10"><span class='ocrx_word' id='word_1_548' title='bbox 864 2469 972 2508; x_wconf 84' lang='lat' dir='ltr'>ginem</span> <span class='ocrx_word' id='word_1_549' title='bbox 989 2468 1013 2508; x_wconf 92' lang='lat'>:]</span> <span class='ocrx_word' id='word_1_550' title='bbox 1040 2469 1208 2499; x_wconf 86' lang='lat' dir='ltr'>Diminute</span> <span class='ocrx_word' id='word_1_551' title='bbox 1225 2469 1407 2507; x_wconf 81' lang='lat' dir='ltr'>catalogum</span> <span class='ocrx_word' id='word_1_552' title='bbox 1425 2469 1562 2499; x_wconf 89' lang='lat' dir='ltr'>Divino-</span> 
     </span>
     <span class='ocr_line' id='line_1_89' title="bbox 864 2511 1564 2548; baseline 0.001 -8"><span class='ocrx_word' id='word_1_553' title='bbox 864 2521 937 2540; x_wconf 87' lang='lat' dir='ltr'>rum</span> <span class='ocrx_word' id='word_1_554' title='bbox 962 2511 1115 2541; x_wconf 88' lang='lat' dir='ltr'>librorum</span> <span class='ocrx_word' id='word_1_555' title='bbox 1140 2512 1252 2542; x_wconf 83' lang='lat' dir='ltr'>texuit.</span> <span class='ocrx_word' id='word_1_556' title='bbox 1306 2511 1391 2541; x_wconf 83' lang='lat' dir='ltr'>Nam</span> <span class='ocrx_word' id='word_1_557' title='bbox 1417 2512 1564 2548; x_wconf 87' lang='lat' dir='ltr'>Tobiam,</span> 
     </span>
     <span class='ocr_line' id='line_1_90' title="bbox 863 2554 1565 2595; baseline -0.001 -11"><span class='ocrx_word' id='word_1_558' title='bbox 863 2554 987 2591; x_wconf 86' lang='lat' dir='ltr'>Judith‚</span> <span class='ocrx_word' id='word_1_559' title='bbox 1007 2555 1134 2590; x_wconf 88' lang='lat' dir='ltr'>Esther,</span> <span class='ocrx_word' id='word_1_560' title='bbox 1159 2554 1366 2595; x_wconf 83' lang='lat' dir='ltr'>Sapientiam,</span> <span class='ocrx_word' id='word_1_561' title='bbox 1384 2554 1565 2584; x_wconf 79' lang='lat' dir='ltr'>Ecclesias-</span> 
     </span>
     <span class='ocr_line' id='line_1_91' title="bbox 864 2596 1564 2637; baseline 0 -11"><span class='ocrx_word' id='word_1_562' title='bbox 864 2596 975 2632; x_wconf 81' lang='lat' dir='ltr'>ticmn,</span> <span class='ocrx_word' id='word_1_563' title='bbox 989 2601 1019 2627; x_wconf 88' lang='lat' dir='ltr'>et</span> <span class='ocrx_word' id='word_1_564' title='bbox 1034 2597 1246 2634; x_wconf 73' lang='lat' dir='ltr'>Maccabae0s‚</span> <span class='ocrx_word' id='word_1_565' title='bbox 1263 2607 1431 2637; x_wconf 83' lang='lat' dir='ltr'>perperam</span> <span class='ocrx_word' id='word_1_566' title='bbox 1448 2597 1564 2627; x_wconf 88' lang='lat' dir='ltr'>omisit.</span> 
     </span>
    </p>

    <p class='ocr_par' dir='ltr' id='par_1_16' title="bbox 858 2638 1565 3060">
     <span class='ocr_line' id='line_1_92' title="bbox 906 2638 1564 2679; baseline -0.002 -10"><span class='ocrx_word' id='word_1_567' title='bbox 906 2643 917 2656; x_wconf 72' lang='lat'>¹</span> <span class='ocrx_word' id='word_1_568' title='bbox 941 2638 1031 2678; x_wconf 88' lang='lat' dir='ltr'>[Vid.</span> <span class='ocrx_word' id='word_1_569' title='bbox 1058 2640 1152 2675; x_wconf 83' lang='lat' dir='ltr'>Cave,</span> <span class='ocrx_word' id='word_1_570' title='bbox 1178 2644 1252 2670; x_wconf 88' lang='lat' dir='ltr'>tom.</span> <span class='ocrx_word' id='word_1_571' title='bbox 1278 2640 1296 2670; x_wconf 91' lang='lat' dir='ltr'>i.</span> <span class='ocrx_word' id='word_1_572' title='bbox 1318 2650 1347 2679; x_wconf 85' lang='lat' dir='ltr'>p.</span> <span class='ocrx_word' id='word_1_573' title='bbox 1372 2639 1564 2671; x_wconf 58' lang='lat' dir='ltr'>liz—Vic-</span> 
     </span>
     <span class='ocr_line' id='line_1_93' title="bbox 864 2681 1564 2712; baseline 0.001 -2"><span class='ocrx_word' id='word_1_574' title='bbox 864 2681 985 2711; x_wconf 86' lang='lat' dir='ltr'>torinus</span> <span class='ocrx_word' id='word_1_575' title='bbox 1009 2704 1015 2711; x_wconf 94' lang='lat'>.</span> <span class='ocrx_word' id='word_1_576' title='bbox 1041 2705 1048 2712; x_wconf 88' lang='lat'>.</span> <span class='ocrx_word' id='word_1_577' title='bbox 1074 2705 1080 2711; x_wconf 94' lang='lat'>.</span> <span class='ocrx_word' id='word_1_578' title='bbox 1110 2682 1217 2712; x_wconf 81' lang='lat' dir='ltr'>floruit</span> <span class='ocrx_word' id='word_1_579' title='bbox 1240 2682 1324 2712; x_wconf 76' lang='lat' dir='ltr'>circa</span> <span class='ocrx_word' id='word_1_580' title='bbox 1348 2692 1470 2712; x_wconf 86' lang='lat' dir='ltr'>annum</span> <span class='ocrx_word' id='word_1_581' title='bbox 1493 2684 1564 2712; x_wconf 76' lang='lat'>290.</span> 
     </span>
     <span class='ocr_line' id='line_1_94' title="bbox 863 2723 1564 2763; baseline 0.001 -10"><span class='ocrx_word' id='word_1_582' title='bbox 863 2723 1104 2754; x_wconf 84' lang='lat' dir='ltr'>Petavionensis</span> <span class='ocrx_word' id='word_1_583' title='bbox 1130 2729 1197 2754; x_wconf 87' lang='lat' dir='ltr'>erat</span> <span class='ocrx_word' id='word_1_584' title='bbox 1222 2724 1253 2754; x_wconf 91' lang='lat' dir='ltr'>in</span> <span class='ocrx_word' id='word_1_585' title='bbox 1277 2724 1443 2754; x_wconf 84' lang='lat' dir='ltr'>Pannonia</span> <span class='ocrx_word' id='word_1_586' title='bbox 1470 2734 1564 2763; x_wconf 85' lang='lat' dir='ltr'>snpe-</span> 
     </span>
     <span class='ocr_line' id='line_1_95' title="bbox 862 2766 1565 2805; baseline 0 -9"><span class='ocrx_word' id='word_1_587' title='bbox 862 2766 943 2796; x_wconf 83' lang='lat' dir='ltr'>riore</span> <span class='ocrx_word' id='word_1_588' title='bbox 960 2767 999 2796; x_wconf 85' lang='lat' dir='ltr'>ad</span> <span class='ocrx_word' id='word_1_589' title='bbox 1014 2767 1157 2796; x_wconf 79' lang='lat' dir='ltr'>Dravum</span> <span class='ocrx_word' id='word_1_590' title='bbox 1170 2767 1317 2802; x_wconf 87' lang='lat' dir='ltr'>fluvium,</span> <span class='ocrx_word' id='word_1_591' title='bbox 1330 2777 1404 2803; x_wconf 88' lang='lat' dir='ltr'>non,</span> <span class='ocrx_word' id='word_1_592' title='bbox 1417 2772 1452 2796; x_wconf 88' lang='lat' dir='ltr'>ut</span> <span class='ocrx_word' id='word_1_593' title='bbox 1468 2767 1565 2805; x_wconf 77' lang='lat' dir='ltr'>vulgo</span> 
     </span>
     <span class='ocr_line' id='line_1_96' title="bbox 861 2809 1564 2848; baseline 0 -11"><span class='ocrx_word' id='word_1_594' title='bbox 861 2809 1009 2845; x_wconf 87' lang='lat' dir='ltr'>creditur,</span> <span class='ocrx_word' id='word_1_595' title='bbox 1022 2809 1232 2839; x_wconf 85' lang='lat' dir='ltr'>Pictaviensis</span> <span class='ocrx_word' id='word_1_596' title='bbox 1249 2810 1280 2838; x_wconf 92' lang='lat' dir='ltr'>in</span> <span class='ocrx_word' id='word_1_597' title='bbox 1297 2809 1483 2848; x_wconf 86' lang='lat' dir='ltr'>Aquitania,</span> <span class='ocrx_word' id='word_1_598' title='bbox 1497 2809 1564 2848; x_wconf 88' lang='lat' dir='ltr'>epi-</span> 
     </span>
     <span class='ocr_line' id='line_1_97' title="bbox 861 2851 1562 2890; baseline 0 -11"><span class='ocrx_word' id='word_1_599' title='bbox 861 2860 975 2890; x_wconf 87' lang='lat' dir='ltr'>seopus</span> <span class='ocrx_word' id='word_1_600' title='bbox 989 2863 995 2886; x_wconf 85' lang='grc'><strong>;</strong></span> <span class='ocrx_word' id='word_1_601' title='bbox 1016 2873 1123 2881; x_wconf 91' lang='grc'><strong>.....</strong></span> <span class='ocrx_word' id='word_1_602' title='bbox 1142 2851 1398 2890; x_wconf 84' lang='lat' dir='ltr'>martyriumque</span> <span class='ocrx_word' id='word_1_603' title='bbox 1416 2852 1474 2881; x_wconf 87' lang='lat' dir='ltr'>sub</span> <span class='ocrx_word' id='word_1_604' title='bbox 1491 2860 1562 2890; x_wconf 88' lang='lat' dir='ltr'>pcr-</span> 
     </span>
     <span class='ocr_line' id='line_1_98' title="bbox 861 2893 1561 2923; baseline 0.001 -2"><span class='ocrx_word' id='word_1_605' title='bbox 861 2893 1022 2922; x_wconf 89' lang='lat' dir='ltr'>secutione</span> <span class='ocrx_word' id='word_1_606' title='bbox 1034 2893 1226 2923; x_wconf 84' lang='lat' dir='ltr'>Diocletiani</span> <span class='ocrx_word' id='word_1_607' title='bbox 1242 2904 1325 2923; x_wconf 90' lang='lat' dir='ltr'>anno</span> <span class='ocrx_word' id='word_1_608' title='bbox 1343 2896 1412 2923; x_wconf 82' lang='lat'>303.</span> <span class='ocrx_word' id='word_1_609' title='bbox 1427 2894 1561 2923; x_wconf 86' lang='lat' dir='ltr'>subiisse</span> 
     </span>
     <span class='ocr_line' id='line_1_99' title="bbox 860 2934 1559 2975; baseline 0 -12"><span class='ocrx_word' id='word_1_610' title='bbox 860 2934 977 2964; x_wconf 84' lang='lat' dir='ltr'>dieitur</span> <span class='ocrx_word' id='word_1_611' title='bbox 999 2959 1005 2965; x_wconf 92' lang='lat'>.</span> <span class='ocrx_word' id='word_1_612' title='bbox 1024 2957 1031 2965; x_wconf 91' lang='lat'>.</span> <span class='ocrx_word' id='word_1_613' title='bbox 1049 2957 1076 2965; x_wconf 92' lang='lat'>..</span> <span class='ocrx_word' id='word_1_614' title='bbox 1094 2958 1100 2965; x_wconf 97' lang='lat'>.</span> <span class='ocrx_word' id='word_1_615' title='bbox 1128 2936 1228 2965; x_wconf 83' lang='lat' dir='ltr'>Extat</span> <span class='ocrx_word' id='word_1_616' title='bbox 1252 2937 1381 2975; x_wconf 85' lang='lat' dir='ltr'>quidem</span> <span class='ocrx_word' id='word_1_617' title='bbox 1407 2936 1465 2965; x_wconf 84' lang='lat' dir='ltr'>sub</span> <span class='ocrx_word' id='word_1_618' title='bbox 1490 2935 1559 2973; x_wconf 85' lang='lat' dir='ltr'>ejus</span> 
     </span>
     <span class='ocr_line' id='line_1_100' title="bbox 858 2977 1560 3013; baseline -0.001 -7"><span class='ocrx_word' id='word_1_619' title='bbox 858 2977 998 3013; x_wconf 89' lang='lat' dir='ltr'>nomine,</span> <span class='ocrx_word' id='word_1_620' title='bbox 1022 2977 1054 3007; x_wconf 89' lang='lat' dir='ltr'>in</span> <span class='ocrx_word' id='word_1_621' title='bbox 1084 2977 1284 3008; x_wconf 84' lang='lat' dir='ltr'>Bibliotheca</span> <span class='ocrx_word' id='word_1_622' title='bbox 1312 2978 1374 3008; x_wconf 80' lang='lat' dir='ltr'>l’P.</span> <span class='ocrx_word' id='word_1_623' title='bbox 1401 2982 1476 3007; x_wconf 87' lang='lat' dir='ltr'>tom.</span> <span class='ocrx_word' id='word_1_624' title='bbox 1502 2977 1560 3012; x_wconf 91' lang='lat' dir='ltr'>iii.,</span> 
     </span>
     <span class='ocr_line' id='line_1_101' title="bbox 859 3019 1561 3060; baseline -0.001 -12"><span class='ocrx_word' id='word_1_625' title='bbox 859 3020 1107 3050; x_wconf 86' lang='lat' dir='ltr'>commentarius</span> <span class='ocrx_word' id='word_1_626' title='bbox 1124 3020 1157 3050; x_wconf 90' lang='lat' dir='ltr'>in</span> <span class='ocrx_word' id='word_1_627' title='bbox 1170 3020 1389 3060; x_wconf 83' lang='lat' dir='ltr'>Apocalypsin</span> <span class='ocrx_word' id='word_1_628' title='bbox 1405 3031 1411 3050; x_wconf 72' lang='grc' dir='ltr'>ε</span> <span class='ocrx_word' id='word_1_629' title='bbox 1430 3019 1483 3049; x_wconf 87' lang='lat' dir='ltr'>sed</span> <span class='ocrx_word' id='word_1_630' title='bbox 1504 3023 1561 3048; x_wconf 79' lang='lat' dir='ltr'>aut</span> 
     </span>
    </p>
   </div>
   <div class='ocr_carea' id='block_1_15' title="bbox 1586 1296 1727 1336">
    <p class='ocr_par' dir='ltr' id='par_1_17' title="bbox 1586 1296 1727 1336">
     <span class='ocr_line' id='line_1_102' title="bbox 1586 1296 1727 1336; baseline 0.007 -10"><span class='ocrx_word' id='word_1_631' title='bbox 1586 1296 1699 1336; x_wconf 90' lang='lat' dir='ltr'>quenti</span> <span class='ocrx_word' id='word_1_632' title='bbox 1708 1300 1727 1327; x_wconf 58' lang='grc' dir='ltr'>Γ.</span> 
     </span>
    </p>
   </div>
  </div>
 </body>
</html>
