1987 3244
557 215 623 256 the
649 216 788 255 Canon
809 213 858 266 of
870 216 937 254 the
960 215 1203 266 Scriptures.
1529 217 1605 255 105

153 321 218 361 for
239 321 294 361 all
316 321 422 371 that,
444 321 498 362 he
527 321 598 361 did
629 325 704 361 not
727 326 907 362 account
929 321 1048 361 them
1070 326 1115 361 to
1141 322 1194 362 be
1226 335 1308 374 any
1331 326 1446 374 parts
1469 321 1515 360 of
1540 321 1612 361 the

154 390 373 431 canonical
397 389 634 443 Scriptures
667 389 850 443 divinely
871 389 1086 442 inspired3
1119 388 1219 444 (nor
1244 388 1315 429 did
1339 389 1484 428 Ruffin
1506 389 1613 428 him-

155 458 237 497 self
252 457 374 511 plead
395 458 458 498 for
478 457 596 498 them
619 461 663 497 to
685 457 780 497 that
803 457 955 510 degree
970 456 1002 511 3)
1025 457 1103 498 but
1124 457 1178 498 he
1201 456 1424 510 appealeth
1440 461 1486 496 to
1502 456 1616 496 what

155 526 207 566 he
241 526 326 566 had
361 526 561 579 formerly
591 525 723 566 noted
759 525 926 578 against
958 525 1221 580 Porphyryh,
1254 529 1328 565 out
1361 523 1408 563 of
1439 523 1615 576 Origen,

155 593 377 642 Eusebius,
401 593 485 633 and
507 592 810 646 Apollinafius,
833 593 1032 646 together
1055 593 1155 633 with
1178 593 1301 633 other
1322 592 1487 631 famous
1516 604 1618 630 men

154 661 199 700 in
231 661 304 702 the
334 660 535 711 Churchi,
558 662 651 701 who
682 661 782 701 held
812 666 889 701 not
919 661 1173 702 themselves
1204 660 1350 701 bound
1381 665 1426 700 to
1457 672 1618 699 answer

155 730 218 769 for
249 729 368 769 these
400 729 548 769 stories
579 729 673 769 that
703 729 788 769 had
819 743 875 770 no
907 730 1126 784 authority
1155 729 1202 770 of
1229 729 1302 769 the
1336 728 1451 782 Holy
1479 727 1618 780 Scrip-

155 802 296 847 tures3
329 797 414 837 and
444 797 490 837 in
521 797 594 837 the
626 797 709 838 end
738 797 793 837 he
824 798 1081 838 concludeth
1110 797 1176 838 for
1206 797 1280 838 the
1310 796 1445 850 verity
1472 796 1519 836 of
1544 796 1618 835 the

158 865 341 905 Hebrew
374 865 533 914 Biblek,
557 865 641 905 and
672 866 767 905 that
799 879 905 918 copy
936 866 983 906 of
1009 866 1199 907 Daniel's
1232 865 1453 919 Prophecy
1482 864 1619 904 which

155 933 258 987 they
279 933 379 986 only
401 933 533 982 allow,
557 938 632 973 not
655 933 833 973 without
862 947 977 973 some
1004 933 1277 987 indignation
1308 933 1476 987 against
1497 933 1619 973 those

155 1015 255 1042 men
268 1001 362 1041 that
380 1001 463 1040 will
477 1006 553 1041 not
570 1007 655 1041 rest
673 1001 758 1041 and
774 1001 827 1042 be
841 1002 1074 1042 contented
1091 1002 1193 1042 with
1208 1002 1256 1042 it.
1298 1002 1368 1054 (2.)
1393 1001 1617 1054 Secondly‚

155 1069 201 1109 in
222 1069 286 1109 his
309 1069 473 1122 preface
497 1083 610 1122 upon
627 1069 764 1120 Tobit,
780 1069 834 1110 he
855 1069 1060 1123 yieldethl
1081 1076 1124 1111 to
1147 1071 1220 1111 the
1242 1070 1376 1110 desire
1393 1070 1440 1110 of
1456 1069 1618 1110 certain

156 1136 326 1190 bishops
358 1137 452 1177 that
482 1137 757 1190 importuned
787 1138 876 1178 him
898 1144 942 1178 to
973 1139 1179 1179 translate
1211 1139 1305 1179 that
1336 1138 1448 1178 book
1479 1142 1554 1177 out
1576 1136 1622 1177 of

158 1204 344 1245 Chaldee
375 1204 468 1245 into
490 1205 633 1255 Latin,
656 1211 853 1260 contrary
876 1211 920 1246 to
949 1207 1022 1246 the
1051 1207 1171 1247 mind
1203 1207 1250 1246 of
1275 1206 1348 1246 the
1379 1207 1502 1253 JeWS,
1526 1205 1618 1245 who

158 1272 230 1311 did
251 1277 326 1312 not
347 1273 447 1327 only
469 1273 643 1312 exclude
673 1273 707 1312 it
736 1280 810 1313 out
832 1274 879 1313 of
903 1273 976 1313 the
1001 1273 1391 1327 Scripture-canon,
1418 1274 1618 1325 (wherein

161 1340 205 1381 S.
227 1340 397 1380 Jerome
424 1340 571 1394 joined
602 1340 703 1381 with
734 1341 884 1394 them,)
915 1341 994 1382 but
1025 1356 1133 1382 were
1165 1342 1322 1396 utterly
1345 1342 1511 1395 against
1543 1341 1616 1381 the

160 1456 246 1495 Orig.
263 1456 297 1485 in
314 1456 438 1486 Cautio.
454 1457 564 1487 eodem
582 1457 762 1497 interprete.
779 1457 855 1497 [col.

160 1499 254 1538 505.]
295 1499 375 1529 Haec
393 1500 419 1529 si
436 1510 498 1529 11011
514 1500 720 1539 spiritualiter
735 1501 854 1530 intelli-

159 1548 285 1580 gantur,
308 1551 412 1572 nonne
433 1542 550 1572 fabulae
576 1545 672 1572 sunt?
700 1543 773 1572 Nisi
796 1543 856 1573 ali-

160 1584 237 1623 quid
267 1584 404 1614 habeant
434 1585 556 1621 secreti,
587 1595 692 1615 nonne
725 1586 857 1623 indigna

160 1631 236 1656 sunt
252 1626 321 1656 Deo
333 1627 447 1662 ?-Et‚
465 1627 560 1658 Praef.
577 1627 610 1657 in
630 1628 716 1657 Libr.
737 1629 855 1658 Salom.

161 1668 253 1708 [tom.
286 1669 327 1698 ix.
358 1669 416 1699 col.
446 1670 555 1709 1295]
604 1670 699 1709 Legit
726 1670 857 1710 quidem

159 1711 307 1741 Ecclesia
318 1711 534 1751 (hujusmodi)
549 1713 656 1748 libros,
668 1714 722 1743 sed
738 1724 790 1743 eos
806 1714 855 1743 in-

158 1759 205 1784 ter
232 1755 400 1784 canonicas
428 1755 608 1795 Scripturas
635 1766 698 1786 non
724 1756 853 1796 recipit;

159 1798 216 1827 &a

203 1842 217 1859 ¹¹
242 1839 320 1869 Dixi
344 1840 449 1870 enim:
477 1838 545 1879 [De
566 1850 628 1880 quo
645 1851 709 1871 11011
731 1841 857 1871 0511111.-

155 1882 210 1921 jus
234 1883 386 1922 temporis
411 1883 589 1923 disserere]
640 1885 805 1923 Alioquin,
828 1889 858 1914 et

159 1935 198 1954 ex
214 1935 249 1955 eo
266 1926 351 1964 quod
375 1926 496 1955 asserui
516 1926 731 1966 Porphyrium
748 1931 858 1956 contra

162 1967 324 2005 (Danielis
353 1969 567 2007 prophetiam)
596 1970 701 1998 multa
728 1969 858 2005 dixisse,

159 2010 333 2049 vocavique
357 2011 454 2049 hujus
476 2011 521 2040 rei
543 2016 648 2045 105105,
675 2010 856 2049 [Methodi-

159 2062 225 2087 um,
252 2053 442 2087 Eusebium,
469 2058 500 2082 et
527 2054 778 2092 Apollinarium,
804 2054 858 2092 (1111

160 2095 272 2124 multis
302 2105 454 2124 versuum
482 2096 625 2125 millibus
652 2096 739 2125 illius
768 2106 858 2125 vesa-

161 2137 222 2166 niae
239 2137 483 2176 responderunt,
499 2148 549 2167 me
567 2148 716 2167 accusare
732 2139 856 2177 poterit,

161 2190 257 2218 quare
279 2189 342 2208 non
365 2179 398 2208 in
422 2180 666 2219 praefatiuncula
691 2187 800 2210 contra
818 2181 855 2210 li-

161 2222 231 2251 bros
266 2222 436 2261 Porphyrii
471 2223 683 2263 scripserint]
741 2224 859 2254 Contra

161 2264 282 2294 Ruffin.
302 2264 394 2304 Apol.
415 2266 442 2295 2.
463 2264 554 2303 [tom.
574 2266 604 2294 ii.
622 2266 682 2295 001.
697 2265 788 2305 527.]

203 2305 210 2322 ’“
234 2307 364 2336 S.Hier.
382 2306 474 2337 Praef.
493 2308 525 2337 in
544 2308 725 2338 Danielem.
744 2308 856 2348 [Praef.

160 2349 192 2378 in
212 2349 390 2379 Comment.
416 2360 511 2389 super
536 2351 633 2387 Dan.,
649 2356 723 2381 tom.
744 2362 770 2381 v.
798 2352 856 2381 001.

160 2391 250 2431 619.]
300 2392 460 2422 Eusebius
489 2397 518 2423 et
542 2394 763 2433 Apollinarius
790 2395 858 2433 pari

160 2435 318 2464 sententia
334 2435 576 2474 responderunt,
590 2435 776 2475 [Susannae,
794 2437 854 2466 Be-

160 2476 264 2515 lisque
283 2487 317 2506 ac
338 2477 496 2507 Draconis
512 2479 647 2515 fabulas,
666 2490 727 2509 nou
754 2480 855 2510 conti-

158 2520 225 2549 neri
242 2519 272 2549 in
294 2520 461 2556 Hebraico,
479 2521 532 2550 sed
558 2526 679 2561 partem
698 2533 765 2551 0550
783 2533 855 2562 pro-

158 2562 276 2601 phetiae
294 2563 425 2592 Abacuc
439 2563 495 2593 filii
509 2564 587 2593 Jesu
602 2565 639 2593 (10
653 2565 738 2594 tribu
756 2566 850 2600 Levi;

159 2604 243 2634 sicut
262 2606 357 2643 juxta
381 2605 477 2635 LXX
493 2606 681 2646 interpretes
705 2608 735 2636 111
761 2608 857 2638 1111110

159 2647 304 2685 ejusdem
320 2648 406 2677 Belis
420 2648 535 2678 fabulae
550 2650 697 2688 ponitur:
721 2652 739 2666 “
753 2651 857 2679 Homo

160 2690 290 2728 quidam
315 2695 381 2719 erat
402 2691 559 2727 sacerdos,
575 2693 704 2721 1101111110
728 2692 858 2729 Daniel,

160 2732 245 2761 filius
265 2733 366 2767 Abda,
384 2734 519 2763 conviva
534 2735 618 2773 regis
640 2735 856 2774 Babylonis3''

159 2784 314 2813 —quum‚
342 2776 512 2806 Danielem
540 2783 569 2806 et
595 2784 657 2806 tres
682 2788 798 2817 pueros
821 2778 859 2808 de

160 2816 244 2845 trihu
259 2817 344 2846 Juda
360 2818 465 2854 fuisse,
481 2820 599 2849 Sancta
615 2820 780 2859 Scriptura.
796 2825 858 2849 tes-

160 2858 272 2898 tatur]
314 2860 408 2889 Unde
430 2866 461 2890 et
476 2872 533 2891 nos
549 2867 620 2891 ante
637 2873 736 2892 annos
757 2863 858 2902 pluri—

160 2910 239 2936 mos,
265 2911 339 2931 cum
371 2908 566 2934 verteremus
594 2905 775 2940 Danielem,
802 2906 858 2935 has

161 2943 298 2973 visiones
327 2944 416 2974 obelo
446 2947 709 2984 praenotavimus,
735 2948 855 2987 signifi-

160 2991 268 3016 cantes
280 2996 332 3016 eas
348 2987 381 3016 iu
399 2987 557 3019 Hebraico
569 2999 631 3019 non
649 2990 766 3019 haberi.
814 2990 859 3019 Et

901 2391 904 2394 Δ
917 2353 1069 2382 stantiam
1081 2365 1087 2382 ι

916 1458 1014 1488 miror
1033 1459 1187 1498 quosdam
1210 1457 1432 1498 μεμψιμοίρους
1456 1458 1615 1497 indignari

916 1501 1006 1537 1111111,
1024 1502 1115 1540 quasi
1139 1511 1196 1540 ego
1220 1501 1454 1530 decurtaverim
1478 1500 1616 1530 librum:

917 1554 990 1573 cum
1009 1550 1039 1573 et
1056 1544 1222 1582 Origenes,
1237 1548 1268 1573 et
1281 1544 1453 1579 Eusebius,
1468 1549 1499 1572 et
1513 1543 1614 1582 Apol-

917 1586 1062 1623 linarius,
1073 1586 1191 1626 aliique
1203 1586 1411 1616 ecclesiastici
1424 1586 1485 1615 viri
1498 1590 1527 1615 et
1542 1587 1615 1615 doc-

917 1633 999 1658 tores
1028 1629 1176 1664 Graeciae,
1205 1629 1262 1658 has
1289 1629 1341 1667 (ut
1366 1629 1447 1667 dixi)
1477 1628 1616 1658 visiones

917 1681 981 1701 non
1011 1672 1119 1701 haberi
1147 1672 1231 1711 apud
1264 1672 1420 1701 Hebraeos
1448 1671 1617 1706 fateantur,

916 1725 975 1744 nec
993 1725 1024 1744 se
1038 1715 1150 1744 debere
1163 1715 1353 1754 respondere
1370 1714 1548 1754 Porphyrio
1563 1725 1619 1754 pro

918 1756 978 1792 his,
1010 1768 1082 1796 quae
1119 1757 1245 1787 nullam
1283 1758 1458 1797 Scripturae
1492 1757 1618 1786 Sanctae

918 1800 1139 1830 auctoritatem
1156 1801 1327 1839 praebeant.

959 1841 973 1860 Β
1000 1843 1102 1879 Idem,
1118 1842 1211 1882 Apol.
1228 1843 1333 1872 citata,
1353 1841 1480 1881 [contra
1495 1842 1617 1872 Ruffin.

918 1886 948 1914 2.
963 1890 1037 1914 tom.
1056 1885 1087 1915 ii.
1106 1885 1164 1914 col⁶
1182 1886 1274 1925 527]
1323 1885 1389 1916 Qui
1414 1885 1507 1914 istius
1532 1885 1619 1914 modi

918 1927 1040 1957 naenias
1064 1932 1274 1963 consectatur,
1293 1931 1323 1957 et
1348 1927 1522 1966 Seripturae
1550 1928 1616 1957 He-

918 1970 1033 1999 braicae
1046 1970 1213 1999 veritatem
1230 1980 1293 1999 non
1309 1970 1379 1999 vult
1396 1970 1545 2008 recipere,
1560 1980 1617 1998 au-

918 2012 984 2041 diat
993 2012 1091 2041 libere
1101 2012 1368 2051 proclamantem:
1386 2011 1520 2041 “Nemo
1533 2012 1619 2041 enim

919 2055 1043 2093 cogitur
1062 2054 1174 2093 legere,
1194 2055 1278 2093 quod
1303 2064 1365 2083 non
1392 2054 1576 2092 vult.'’—(i.
1592 2065 1618 2084 0.

920 2096 1049 2127 l'raefat.
1060 2097 1179 2135 suam.)
1201 2096 1290 2136 [Ego
1302 2097 1484 2136 petentibus
1496 2097 1618 2136 scripsi,

918 2149 978 2168 non
994 2140 1181 2174 sastidiosis;
1199 2140 1308 2178 gratis,
1321 2150 1382 2169 non
1398 2139 1531 2174 invidis;
1553 2146 1619 2169 stu-

918 2182 1024 2218 diosis,
1041 2192 1105 2212 non
1121 2181 1358 2222 oscitantibus]

961 2224 967 2242 ¹
994 2225 1098 2260 Idem,
1116 2225 1155 2254 ad
1179 2224 1311 2254 Chrom.
1328 2230 1358 2254 et
1384 2224 1509 2254 Heliod.
1529 2225 1616 2254 Prae-

918 2267 970 2297 fat.
988 2267 1021 2296 in
1038 2268 1181 2297 Tobiam.
1202 2267 1296 2307 [tom.
1310 2278 1338 2297 x.
1354 2267 1412 2297 col.
1429 2269 1456 2303 l,
1469 2266 1516 2306 2.]
1552 2268 1617 2296 Mi-

918 2310 979 2339 rari
1005 2320 1069 2339 non
1093 2310 1202 2340 desino
1226 2310 1401 2340 exactionis
1428 2316 1541 2339 vestrae
1568 2310 1616 2339 in-

1128 2353 1256 2391 exigitis
1295 2353 1392 2389 enim,
1428 2357 1463 2382 ut
1500 2353 1618 2382 librum

919 2395 1072 2425 Chaldaeo
1096 2406 1239 2425 sermone
1262 2396 1479 2435 conscriptum
1496 2396 1535 2425 ad
1554 2395 1616 2425 La-

916 2438 1022 2467 tinum
1049 2438 1168 2478 stylum
1198 2439 1332 2474 traham,
1359 2439 1477 2468 librum
1508 2438 1620 2477 utique

917 2480 1037 2515 Tobiae,
1056 2491 1151 2521 quem
1176 2481 1317 2517 Hebraei,
1336 2482 1373 2511 de
1395 2481 1539 2520 catalogo
1558 2481 1618 2509 Di-

916 2523 1064 2553 vinarum
1104 2524 1345 2563 Scripturarum
1382 2530 1535 2558 secantes,
1569 2523 1618 2552 his

917 2576 990 2605 quae
1011 2566 1240 2606 lelagiographa
1258 2567 1372 2605 (legere
1397 2571 1511 2605 opor-let
1530 2566 1617 2604 Apo-

916 2609 1051 2648 crypha)
1070 2614 1259 2645 memorant,
1275 2609 1508 2648 manciparunt.
1545 2608 1619 2637 Feci

917 2652 994 2680 satis
1020 2652 1173 2681 desiderio
1198 2658 1312 2688 vestro,
1330 2662 1391 2681 non
1417 2657 1523 2681 tamen
1548 2661 1620 2680 11100

918 2694 1032 2723 studio.
1081 2695 1234 2733 Arguunt
1264 2695 1350 2724 enim
1386 2705 1442 2724 nos
1476 2694 1618 2728 Heln-sei,

919 2735 1150 2774 [Hebraeorum
1175 2736 1311 2776 studia,]
1330 2743 1361 2766 ct
1377 2738 1538 2776 imputant
1563 2746 1618 2764 uo-

920 2779 980 2814 bis,
997 2785 1106 2809 contra
1122 2790 1217 2809 suum
1240 2790 1393 2809 canonem
1414 2779 1538 2808 Latinis
1561 2789 1618 2807 au-

919 2821 1006 2850 ribus
1023 2822 1084 2851 ista
1100 2822 1280 2852 transferre.
1327 2822 1399 2857 Sed,
1417 2822 1532 2850 melius
1552 2830 1620 2849 esse

915 2863 1065 2901 judicans
1085 2864 1321 2894 Pharisaeorum
1345 2865 1510 2903 displicere
1532 2862 1619 2901 judi-

919 2906 977 2940 cio,
996 2910 1026 2935 et
1044 2906 1276 2945 Episcoporum
1297 2907 1496 2945 jussionibus
1513 2906 1619 2934 descr-

919 2949 993 2984 vire,
1012 2948 1113 2979 institi
1131 2954 1166 2979 ut
1182 2949 1281 2989 potui.

1684 336 1780 358 1051,

1655 380 1751 400 esur.
1772 368 1820 399 1v.'
