1987 3244
548 215 613 250 the
638 212 776 251 Canon
798 209 847 262 of
860 210 925 249 the
948 209 1193 260 Scriptures.
1544 212 1598 251 93

143 315 322 368 popular
343 315 583 355 edification
603 315 650 354 in
670 314 742 354 life
770 313 853 354 and
876 313 985 366 good
1010 327 1223 364 mannerS,
1246 313 1325 354 but
1346 318 1422 354 not
1443 314 1507 354 for
1527 315 1601 355 the

143 382 423 435 establishing
443 383 491 423 of
516 397 598 435 any
620 382 812 422 doctrine
842 381 886 420 in
909 381 982 421 the
1005 381 1191 421 Church.
1252 383 1294 420 4.
1327 381 1381 420 In
1411 381 1477 420 his
1508 396 1601 434 pre-

140 449 257 490 faceb
288 449 430 490 before
461 450 582 499 Ezra,
604 450 658 489 he
689 449 896 503 rejecteth
927 449 983 488 all
1014 449 1136 489 other
1167 448 1356 500 writings
1388 447 1496 488 from
1527 449 1601 489 the

140 531 278 558 canon
318 518 365 557 of
399 519 473 558 the
514 517 650 567 Bible,
686 517 824 557 which
859 516 933 556 the
971 516 1166 556 Judaical
1203 516 1376 556 Church
1413 515 1485 555 did
1525 521 1601 557 not

139 585 451 637 acknowledge,
494 599 541 625 01·
588 584 762 638 [which]
810 584 1021 637 belonged
1067 589 1143 624 not
1184 588 1229 624 to
1276 584 1371 623 that
1418 584 1602 624 number

137 654 385 694 whereunto
415 653 489 693 the
510 653 788 707 twenty-four
811 652 960 692 Elders
983 652 1152 692 alluded
1180 652 1226 691 in
1254 652 1327 692 the
1350 651 1601 692 Revelation

137 721 184 761 of
203 721 245 761 S.
269 721 422 761 Johnc‚
484 723 523 761 5.
556 721 611 761 In
632 721 697 760 his
719 719 911 773 prefaced
932 734 1047 772 upon
1069 720 1142 760 the
1161 719 1420 769 Chronicles,
1443 719 1601 770 having

136 788 225 828 said
247 789 341 828 that
362 789 436 828 the
455 788 628 828 Church
650 787 861 828 receiveth
884 801 995 827 none
1017 787 1064 827 of
1080 787 1154 827 the
1171 786 1427 840 apocryphal
1449 785 1597 835 books,

135 855 188 895 he
210 855 478 905 coneludeth,
501 856 609 904 that,
632 855 858 904 therefore,
876 868 936 894 we
959 868 1029 894 are
1050 858 1094 894 to
1116 854 1221 894 have
1243 868 1438 894 recourse
1460 860 1504 894 to
1525 853 1600 894 the

135 921 319 963 Hebrew
349 927 454 973 text,
485 923 594 963 from
629 923 801 962 whence
837 921 941 962 both
974 921 1117 961 Christ
1159 921 1243 961 and
1287 921 1368 961 His
1399 922 1599 974 Apostles

132 994 234 1034 took
256 994 368 1034 their
388 994 665 1034 testimonies.
727 994 770 1033 6.
804 994 858 1034 In
880 993 945 1033 his
967 993 1156 1045 prefacee
1178 1007 1293 1046 upon
1317 994 1343 1033 J
1348 1007 1502 1043 eremy,
1525 994 1599 1033 the

130 1075 281 1102 reason
306 1062 401 1102 that
429 1061 483 1102 he
515 1061 744 1101 rendereth
777 1061 841 1101 for
875 1061 1078 1113 omitting
1105 1061 1179 1100 the
1212 1060 1324 1101 book
1353 1061 1401 1100 of
1428 1061 1598 1100 Baruch

131 1129 180 1179 is,
202 1129 382 1170 because
409 1130 484 1170 the
517 1129 700 1169 Hebrew
723 1129 897 1169 Church
928 1128 1098 1168 neither
1128 1128 1228 1168 read
1259 1128 1305 1177 it,
1338 1142 1417 1167 nor
1447 1128 1531 1167 had
1562 1128 1596 1167 it

131 1211 289 1250 among
319 1198 452 1238 them.
516 1200 554 1239 7.
587 1198 642 1237 In
673 1197 738 1236 his
771 1195 957 1249 prefaeef
990 1210 1105 1249 upon
1137 1195 1305 1244 Daniel,
1338 1195 1391 1235 he
1423 1195 1595 1235 affixeth

128 1266 214 1306 this
245 1271 347 1307 note
373 1271 417 1306 to
448 1267 522 1306 the
555 1265 702 1306 stories
725 1265 773 1306 of
800 1266 1010 1314 Susanna,
1034 1265 1108 1304 the
1142 1264 1258 1316 Song
1290 1264 1337 1303 of
1361 1263 1434 1304 the
1456 1264 1594 1304 Three

130 1333 348 1383 Children,
373 1333 457 1373 and
480 1331 559 1372 Bel
581 1333 683 1372 wit-h
705 1332 779 1372 the
802 1332 1151 1384 Dragon,-—that
1183 1332 1256 1371 the
1279 1332 1389 1371 Jews
1418 1331 1509 1383 give
1537 1345 1594 1371 no

129 1401 263 1441 eredit
284 1406 329 1440 to
350 1400 483 1450 them,
507 1414 551 1439 as
581 1399 711 1452 being
741 1413 798 1439 no
828 1404 946 1453 parts
969 1399 1016 1439 of
1042 1398 1234 1439 Daniel's
1265 1398 1491 1451 prophecy,
1514 1412 1593 1437 nor

128 1468 298 1508 written
318 1468 364 1508 in
385 1467 496 1508 their
516 1468 741 1520 language.
803 1469 842 1506 8.
876 1467 936 1508 Of
961 1466 1086 1507 Tobit
1114 1466 1168 1506 he
1197 1465 1345 1513 saithg,
1368 1465 1463 1505 that
1484 1465 1589 1519 they

889 1601 1058 1636 Joannern,
1083 1600 1185 1631 “Qui
1215 1599 1346 1635 credit‚”
1379 1599 1494 1639 inquit,
1527 1600 1591 1630 “in

888 1653 949 1679 me,
978 1644 1061 1672 sient
1087 1643 1164 1672 dicit
1189 1642 1365 1682 Scriptura,
1393 1642 1528 1671 flumina
1553 1643 1592 1672 de

887 1691 996 1715 ventre
1013 1686 1082 1724 ejus
1097 1686 1197 1714 fluent
1212 1695 1304 1724 aquae
1318 1685 1434 1714 vivae.”
1470 1685 1591 1724 Utique

171 1600 183 1619 ¹³
210 1601 322 1637 Idem„
346 1600 442 1631 Praef.
466 1600 499 1630 in
523 1600 654 1630 Ezram.
675 1600 769 1640 [tom.
786 1601 827 1631 ix.

128 1643 187 1673 col.
220 1643 429 1673 1523.—Nec
459 1653 654 1682 quemquam
692 1648 829 1681 moveat,

127 1686 211 1724 quod
225 1696 309 1715 unns
326 1697 344 1716 a
360 1685 451 1715 nobis
468 1686 572 1715 editus
588 1685 668 1715 liber
679 1690 744 1715 est:
770 1696 828 1716 nec

128 1728 385 1768 apocryphorum
409 1728 493 1758 tertii
517 1734 548 1758 et
571 1728 676 1767 quarti
694 1729 827 1758 somniis

127 1770 320 1801 delectetur:
366 1771 442 1810 quia
479 1775 510 1800 et
546 1771 631 1810 apud
671 1771 827 1801 Hebraeos

127 1812 223 1842 Ezrae
250 1813 458 1852 Neemiaeque
483 1822 644 1842 sermones
668 1813 701 1842 ἰιι
724 1823 826 1843 unum

125 1855 277 1885 volumen
305 1860 524 1885 coarctantur:
563 1855 610 1895 et]
651 1866 723 1895 qnae
763 1866 826 1886 non

123 1898 282 1928 habentur
297 1898 382 1937 apud
397 1898 480 1933 illos,
493 1908 550 1927 nec
564 1898 601 1927 de
617 1898 731 1937 viginti
748 1908 825 1937 qua-

123 1944 194 1970 tuor
211 1941 339 1970 senibus
355 1945 441 1976 sunt,
457 1940 568 1980 procul
584 1940 771 1978 abjicienda.

167 1987 178 2000 ⁰
204 1983 249 2013 Ut
273 1994 377 2023 snpra,
395 1994 424 2022 p.
442 1984 492 2013 92.
511 1983 549 2011 ad
566 1983 613 2011 lit.
629 1992 658 2011 x.
686 1981 823 2021 [Priscae

123 2024 221 2064 Legis
250 2025 336 2054 Libr.
366 2026 463 2060 xxiv.‚
492 2035 570 2063 quos
601 2025 659 2053 sub
690 2034 822 2053 numero

122 2068 207 2096 xxiv.
237 2068 404 2097 Seniorum
432 2067 645 2106 Apocalypsis
675 2066 739 2104 (S.)
766 2067 820 2095 Jo-

122 2110 238 2138 hannis
261 2110 386 2138 inducit
411 2110 576 2138 adorantes
602 2110 745 2146 Agnum,
765 2110 820 2139 διο.

121 2151 248 2181 -ΓΓΟΙ,
279 2152 350 2182 Gal.
398 2151 472 2180 Vid.
496 2152 591 2180 etiam
616 2149 707 2189 infra,
733 2161 820 2181 num.

120 2194 213 2223 lxxii.
231 2194 270 2223 ad
287 2194 332 2223 lit.
351 2204 380 2233 p.
399 2199 429 2223 et
446 2192 493 2232 q.]

165 2236 176 2254 ‘¹
204 2236 304 2272 Idem,
329 2237 360 2265 in
389 2236 482 2265 Przef.
509 2245 604 2274 super
630 2235 820 2274 Paralipom.

123 2278 216 2317 [tom.
235 2279 276 2308 ix.
295 2278 354 2308 eol.
376 2278 633 2317 hilm-Scripsi
658 2288 759 2316 nuper
783 2278 821 2307 li-

120 2321 211 2350 brum
231 2322 265 2359 (i.
281 2332 306 2350 e.
324 2321 361 2350 ad
380 2320 625 2350 Pammachium
644 2320 765 2359 Epist)
784 2321 822 2349 de

119 2364 239 2402 optimo
257 2374 371 2402 genere
395 2363 635 2402 interpretandi,
651 2364 819 2392 ostendens

117 2405 173 2435 illa.
190 2406 227 2435 de
245 2406 432 2445 Evangelio,
447 2407 465 2421 “
482 2406 532 2434 Ex
550 2406 693 2444 AEgypto
710 2406 819 2434 vocavi

118 2448 222 2478 filium
252 2449 393 2483 1nenm,’'
423 2453 453 2477 et
478 2448 675 2478 “Quoniam
710 2448 818 2477 Naza-

116 2500 200 2520 raeus
217 2491 413 2527 vocabitur,”
428 2496 457 2520 et
473 2492 490 2506 ‘⁴
502 2490 667 2519 Videbunt
678 2490 708 2519 in
723 2501 819 2529 quem

117 2536 405 2572 compunxerunt,''
457 2537 487 2562 ct
530 2532 612 2561 illud
658 2532 817 2572 Apostoli,

116 2576 135 2591 “
149 2575 232 2606 Quae
265 2575 377 2604 oculus
415 2585 477 2604 non
517 2575 606 2610 vidit,
635 2585 693 2604 nec
732 2575 817 2604 auris

116 2618 313 2652 audivit,nec
328 2618 358 2646 in
377 2628 428 2647 eor
441 2618 579 2646 hominis
595 2617 815 2652 ascenderunt,

115 2670 188 2697 quae
209 2660 402 2699 praeparavit
420 2660 509 2689 Dens
526 2660 732 2698 diligentibus
747 2662 812 2695 sc‚⁷'

114 2707 293 2741 caeteraque
320 2702 369 2731 liis
396 2702 522 2737 similia,
547 2702 579 2731 in
603 2702 814 2731 Hebraeorum

114 2743 203 2773 libris
242 2745 384 2774 inveniri.
463 2744 556 2773 Certe
593 2744 749 2784 Apostoli,
785 2749 816 2773 et

114 2786 346 2825 Evangelistae,
379 2787 587 2826 Septuaginta
622 2787 816 2826 Interpretes

115 2834 284 2858 noverant:
311 2834 342 2858 et
357 2830 440 2858 unde
458 2830 502 2858 eis
527 2830 593 2858 llaee
612 2829 724 2862 dicere,
742 2840 814 2867 qnae

114 2870 146 2899 in
165 2870 377 2909 Septuaginta
393 2881 455 2900 non
478 2872 657 2900 habentur?
707 2871 815 2900 Chris-

116 2917 177 2948 tus,
196 2913 356 2942 Dominus
380 2919 497 2949 noster,
515 2914 681 2952 utriusque
705 2913 815 2942 Testa-

115 2955 213 2985 menti
228 2955 390 2991 Conditor,
402 2955 435 2986 iu
443 2955 622 2994 Evangelio
641 2955 818 2985 secundum

886 1728 1041 1767 scriptum
1073 1732 1130 1765 est,
1156 1728 1242 1766 qnod
1271 1727 1409 1757 salvator
1433 1727 1589 1766 scriptum

887 1781 955 1800 esse
972 1774 1115 1800 testatur.
1155 1770 1218 1799 Ubi
1237 1770 1392 1808 scriptum
1410 1775 1455 1798 est
1470 1771 1480 1799 ’.7
1509 1772 1588 1809 Sep-

886 1814 1032 1853 tuaginta
1049 1823 1111 1842 non
1128 1811 1282 1851 habent:]
1302 1812 1498 1851 Apoerypba
1514 1822 1586 1841 nes-

886 1856 930 1885 cit
954 1856 1111 1885 Ecclesia.
1159 1856 1212 1884 Ad
1237 1855 1392 1884 Hebraeos
1416 1854 1514 1892 igitur
1538 1865 1586 1884 re-

886 1899 1072 1927 vertendum
1090 1902 1144 1932 est,
1160 1898 1245 1926 unde
1262 1902 1292 1925 et
1303 1896 1464 1926 Dominus
1482 1896 1585 1935 loqui-

884 1944 945 1976 tur,
964 1945 993 1969 et
1010 1939 1161 1978 discipuli
1180 1939 1325 1978 exempla
1341 1944 1551 1977 praesumunt.

926 1991 938 2004 e
965 1982 1066 2017 Idem,
1096 1981 1188 2011 Praef.
1217 1981 1249 2010 in
1275 1981 1390 2009 Jereln.
1421 1979 1516 2018 [tom.
1540 1981 1584 2011 ix.

883 2024 940 2053 col.
960 2023 1238 2054 783.—Praeterea
1253 2023 1394 2051 ordinem
1412 2022 1583 2058 visionum,

883 2067 938 2104 qni
964 2067 1048 2105 apud
1078 2066 1210 2095 Graeeos
1239 2070 1269 2094 et
1296 2065 1431 2093 Latinos
1454 2065 1585 2094 omnino

882 2108 1036 2137 confusus
1060 2114 1115 2143 est,
1141 2108 1177 2136 ad
1203 2107 1370 2147 pristinam
1396 2107 1490 2135 fidem
1515 2117 1583 2135 cor-

881 2150 1052 2190 reximus]
1091 2150 1225 2179 Librum
1243 2154 1350 2179 antem
1370 2149 1511 2183 Batuch,
1527 2159 1583 2178 no-

882 2193 953 2222 tarii
971 2194 1051 2231 ejus,
1070 2193 1122 2232 qui
1141 2192 1226 2231 apud
1246 2192 1401 2221 Hebraeos
1426 2202 1483 2221 nce
1502 2191 1582 2230 legi-

883 2239 934 2264 tur
950 2246 1008 2264 nec
1026 2236 1167 2269 habetur,
1186 2234 1461 2273 praetermisimus.

926 2277 934 2295 f
958 2278 1060 2312 Idem,
1080 2278 1210 2306 Praesat.
1230 2278 1263 2305 in
1289 2276 1468 2306 Danielem.
1489 2274 1582 2314 [tom.

881 2320 921 2349 ix.
941 2320 1000 2350 col.
1024 2319 1130 2359 1361]
1151 2319 1300 2358 (Daniel)
1320 2319 1404 2357 apud
1428 2318 1582 2347 Hebraeos

881 2372 937 2394 nec
977 2364 1133 2391 Snsannae
1176 2362 1269 2391 habet
1309 2361 1487 2396 historiam,
1524 2371 1582 2390 nee

882 2404 1051 2444 Hymuum
1074 2405 1171 2434 trium
1196 2414 1377 2443 puerorum,
1406 2414 1464 2432 nec
1497 2403 1583 2432 Belis

881 2447 1102 2486 Draconisque
1129 2447 1270 2480 fal)ulas;
1308 2457 1386 2485 quas
1414 2456 1480 2479 nos,
1507 2445 1582 2483 qnia

879 2490 910 2518 in
928 2494 993 2519 toto
1010 2491 1083 2519 orbe
1100 2489 1250 2528 dispersae
1268 2493 1352 2524 sunt,
1371 2498 1447 2517 vern
1463 2492 1505 2522 ÷
1522 2498 1577 2516 au-

879 2533 1023 2571 teposito,
1042 2542 1157 2571 casque
1170 2531 1351 2570 jugulante,
1367 2530 1578 2568 snbjecinms:

879 2573 935 2612 [ne
949 2575 1130 2603 videremur
1147 2574 1231 2612 apud
1246 2573 1411 2612 imperitos
1429 2582 1579 2611 magnam

876 2622 998 2656 partem
1017 2616 1189 2646 voluminis
1207 2614 1440 2653 detruncasse]

919 2669 933 2688 g
962 2660 1064 2695 Idem,
1087 2659 1182 2688 Praef.
1199 2659 1232 2687 in
1256 2658 1333 2687 Tol).
1359 2656 1451 2696 [tom.
1472 2667 1499 2685 x.
1520 2656 1577 2686 col.

879 2701 1065 2731 l.-Mirari
1079 2711 1139 2730 non
1152 2701 1262 2730 desino
1274 2699 1448 2729 exactionis
1466 2705 1578 2727 vestime

875 2743 1080 2773 instantiam:
1121 2743 1248 2781 exigitis
1279 2743 1375 2777 enim,
1401 2747 1435 2770 ut
1461 2741 1578 2769 librum

877 2786 1029 2815 Chaldaeo
1047 2796 1190 2815 sermone
1207 2785 1422 2823 conscriptum
1437 2784 1473 2812 ad
1491 2783 1576 2811 Lati-

877 2838 952 2856 num
973 2829 1093 2867 stylum
1112 2826 1264 2865 traliam,]
1285 2828 1402 2856 librum
1427 2824 1574 2863 [utique]

877 2870 996 2905 Tobiae,
1028 2869 1159 2909 [quem]
1196 2870 1336 2904 Heln-ani,
1364 2869 1400 2897 dc
1433 2867 1575 2903 catalogo

880 2912 1072 2941 Divinarum
1099 2912 1336 2951 Scripturarum
1355 2915 1510 2944 secantes,
1528 2909 1576 2936 his

878 2964 950 2993 quae
978 2955 1205 2994 Hagiograplia
1241 2954 1350 2991 (scribi
1378 2952 1470 2981 debet
1494 2953 1575 2988 Apo-

1671 331 1763 353 TEsT.

1633 374 1731 394 CENT.
1751 374 1794 394 lV.
