1987 3244
23 596 151 643 THE
189 598 339 645 NEW
375 599 598 647 CANON
635 600 715 648 OF
751 601 1116 657 SCRIPTURE
1153 602 1333 649 FIRST
1370 603 1480 649 SET

154 686 371 733 FORTH
408 688 489 734 BY
525 689 653 735 THE
692 690 975 737 COUNCIL
1011 691 1091 737 OF
1125 691 1350 746 TRENT,

18 847 106 874 AND
141 848 273 875 AFTER
303 848 558 887 CONFIRMED,
592 851 678 878 AND
709 852 927 879 DECLARED
958 853 1007 880 TO
1039 853 1091 879 BE
1127 853 1335 880 RECEIVED
1368 854 1476 881 WITH

77 915 215 943 OTHER
234 917 431 944 ARTICLES
458 918 508 945 OF
540 919 678 956 FAITH,
703 920 756 946 BY
786 920 868 947 THE
899 921 1028 948 BULLS
1060 921 1110 948 OF
1140 921 1244 948 POPE
1274 922 1367 949 PIUS
1395 923 1477 949 THE

75 983 253 1022 FouRTH,
275 985 390 1013 ANNo
411 986 514 1014 DOM.
538 970 703 1024 MDfov‘.

349 1201 483 1232 CONC.
511 1202 638 1233 TRID.
666 1203 780 1233 SEss.
806 1203 863 1234 IV.
891 1204 1091 1234 DECRET.
1120 1205 1144 1234 1.
1498 1203 1587 1243 [Via.

340 1265 542 1297 DECRET.
570 1268 633 1297 DE
660 1268 833 1298 CANON.
860 1269 1152 1300 SCRIPTURIS.
1495 1247 1651 1320 Ξῇῑξίν

1494 1333 1552 1363 col.
1571 1334 1645 1369 744,

76 1366 152 1406 SS.
179 1366 401 1418 SYNODUS,
431 1400 439 1410 .
466 1401 474 1409 .
502 1401 509 1409 .
537 1370 863 1423 praesidentibus
899 1371 943 1411 in
975 1386 1024 1412 ea
1053 1372 1191 1412 tribus
1222 1372 1476 1426 Apostolicae
1494 1381 1525 1406 et
1540 1375 1624 1416 seq-l

18 1438 138 1480 Sedis
156 1441 344 1494 Legatis,
363 1474 370 1482 .
392 1474 400 1483 .
422 1475 430 1483 .
452 1445 710 1497 perspiciens
733 1445 971 1486 Veritatem
993 1446 1223 1486 salutarem
1245 1450 1287 1486 et
1310 1460 1476 1486 morum

14 1512 281 1567 disciplinam
304 1517 515 1557 contineri
536 1518 581 1558 in
605 1518 745 1558 Libris
770 1518 960 1572 Scriptis,
979 1523 1021 1558 et
1044 1519 1134 1558 sine
1159 1518 1325 1572 Scripto
1346 1519 1477 1559 tradi-

12 1587 214 1638 tionibus,
237 1620 245 1628 .
273 1621 281 1629 .
308 1621 316 1629 .
340 1590 674 1631 orthodoxorum
707 1592 887 1632 Patrum
918 1592 1110 1646 exempla
1141 1597 1298 1642 secuta,
1329 1607 1476 1633 omnes

11 1660 140 1702 libros
168 1667 257 1702 tam
285 1663 454 1704 Veteris
487 1679 615 1718 quam
648 1665 759 1706 Novi
793 1666 1070 1716 Testamenti,
1105 1667 1217 1719 (cum
1251 1666 1474 1720 utriusque

11 1748 124 1775 unus
157 1737 275 1777 Deus
305 1738 359 1777 sit
390 1739 584 1792 Auctor,)
619 1753 699 1780 nec
728 1754 816 1780 non
849 1740 1100 1781 traditiones
1133 1741 1257 1794 ipsaS,
1290 1746 1384 1781 tum
1420 1741 1472 1781 ad

11 1808 173 1860 Fidem,
196 1815 289 1851 tum
311 1812 364 1852 ad
387 1811 531 1854 Mores
561 1814 836 1867 pertinenteS,
859 1821 1066 1868 tanquam
1094 1815 1159 1854 vel
1190 1829 1260 1855 ore
1291 1819 1417 1855 tenus
1448 1830 1473 1855 a

13 1881 203 1934 Christo,
235 1886 300 1926 vel
333 1901 357 1927 a
397 1887 469 1940 Sp.
505 1889 547 1928 S.
581 1887 773 1938 dictatas,
813 1893 855 1928 et
889 1889 1095 1929 continua
1131 1889 1393 1929 successione
1426 1889 1471 1929 in

8 1957 199 1999 Ecclesia
221 1960 442 2003 Catholica
472 1966 753 2013 conservatas,
775 1963 866 2016 pari
897 1962 1065 2016 pictatis
1094 1962 1263 2013 affectu,
1286 1977 1333 2003 ac
1355 1977 1468 2003 reve-

7 2031 158 2082 rentia,
182 2034 356 2087 suscipit
379 2039 421 2075 et
442 2040 681 2075 veneratur.

68 2105 293 2146 Sacrorum
326 2122 422 2148 vero
453 2108 660 2148 librorum
690 2108 876 2149 indicem
909 2108 1007 2149 huic
1036 2109 1204 2150 decreto
1226 2108 1466 2149 adscriben-

8 2178 110 2218 dum
143 2181 321 2230 censuit,
344 2195 398 2221 ne
430 2181 498 2222 cui
530 2182 740 2223 dubitatio
772 2183 951 2223 suboriri
984 2183 1127 2237 possit,
1160 2184 1334 2237 quinam
1367 2183 1465 2233 sint,

7 2251 79 2305 qui
101 2251 152 2292 ab
174 2252 264 2306 ipsa
288 2254 460 2308 Synodo
482 2256 782 2309 suscipiuntur.

463 2328 572 2370 Sunt
593 2344 690 2371 vero
711 2331 821 2371 infra
843 2331 1012 2385 scripti:

65 2400 179 2441 Test.
206 2401 528 2457 V.—Quinque
568 2404 716 2455 Mosis,
750 2405 866 2456 Jos.,
891 2406 1044 2456 Judic„
1081 2406 1213 2456 Ruth,
1247 2404 1311 2445 IV
1343 2407 1463 2459 Reg„

7 2473 56 2513 II
83 2474 281 2528 paralip„
310 2476 456 2517 Esdrae
488 2476 521 2517 I.
556 2482 598 2518 ct
630 2479 706 2529 IL,
743 2480 830 2532 (qui
862 2479 1017 2520 dicitur
1047 2480 1261 2532 Nehem.,)
1292 2479 1462 2531 Tobias,

9 2547 175 2598 Judith,
208 2550 379 2600 Esther,
421 2551 517 2602 Job,
552 2552 807 2593 Psalterium
842 2554 992 2594 David.
1027 2554 1113 2594 CL.
1136 2554 1260 2604 Psal,
1295 2554 1460 2604 Pa1·ab.,

6 2621 295 2673 Ecclesiastes,
334 2624 497 2665 Cantic.
534 2626 822 2678 Canticorum,
864 2628 1094 2682 Sapientia,
1129 2628 1461 2678 Ecclesiasticus,

5 2694 168 2746 Esaias,
194 2696 434 2738 Hieremias
466 2713 563 2739 cum
598 2699 780 2750 Baruch,
809 2702 976 2752 Ezech„
1001 2702 1168 2751 Daniel,
1193 2703 1283 2742 XII
1308 2703 1461 2756 Proph.

5 2767 211 2820 Minores,
234 2770 333 2811 Duo
354 2772 709 2823 Maccahaeorum,
733 2774 768 2814 I.
793 2779 834 2814 et
852 2775 913 2815 II.

62 2840 180 2882 Test.
204 2843 519 2887 N.—-Quatuor
540 2848 714 2900 Evang.,
740 2849 812 2888 810.

70 2915 114 2955 Si
137 2917 229 2969 quis
251 2923 394 2959 autem
417 2920 545 2961 libros
567 2921 678 2975 ipsos
699 2922 888 2975 integros
920 2937 1016 2963 cum
1040 2923 1236 2963 omnibus
1259 2923 1344 2963 suis
1367 2938 1459 2975 par-

5 2988 134 3039 tibus,
161 2996 288 3043 prout
318 2993 363 3033 in
394 2994 584 3035 Ecclesia
617 2994 841 3036 Catholica
870 2996 954 3049 legi
985 3002 1309 3046 consueverunt,
1343 3001 1384 3036 ct
1416 2996 1458 3034 iu

62 3071 171 3093 cosm.
719 3083 741 3111 c
