1987 3244
1526 218 1577 253 55

532 208 598 245 the
625 208 762 246 Canon
785 207 833 259 of
845 209 911 247 the
934 209 1177 261 Seripho-es.

184 311 276 351 LV.
309 311 399 352 Not
434 312 537 365 long
569 313 678 353 after
707 313 793 354 this
825 314 942 365 time,
980 315 1022 356 S.
1052 316 1311 356 Athanasius
1342 332 1422 357 was
1459 320 1579 359 made
1619 330 1768 393 CITJTSTiv

125 379 377 434 archbishop
408 381 455 421 of
489 381 775 433 Alexandria3
819 383 957 424 whom
987 385 1062 424 the
1092 385 1258 425 Nicene
1295 387 1461 426 council
1494 389 1577 429 had
1604 427 1625 455 A
1706 432 1711 439 ⁸

124 447 352 500 appointed
375 453 418 489 to
439 449 556 489 write
580 449 645 489 his
676 450 822 491 letters
847 456 954 492 unto
986 452 1041 492 all
1072 452 1195 493 other
1218 452 1440 494 Churehes
1470 455 1576 496 from
1597 428 1794 517 [prDmsZmg

123 528 224 567 year
244 520 289 556 to
319 530 431 570 year,
454 516 549 557 that
578 517 680 571 they
700 518 840 571 might
869 520 1077 574 certainly
1098 520 1223 560 know
1245 521 1368 561 when
1396 526 1441 562 to
1472 522 1576 576 keep
1596 521 1764 592 {inpegit

123 581 237 622 their
259 582 422 624 Easter.
484 585 586 625 And
608 590 651 625 to
673 586 767 626 that
788 601 969 641 purpose
991 588 1065 628 the
1086 588 1320 641 patriarchs
1342 589 1389 629 of
1407 589 1488 629 this
1510 604 1577 630 see
1594 567 1790 646 pssf'g‘ssgffss‘p

123 655 218 690 sent
239 651 351 692 their
381 653 552 705 paschal
584 653 754 706 epistles
783 655 940 695 abroad
961 670 1076 709 upon
1103 670 1227 707 every
1248 657 1405 697 annual
1426 662 1575 698 return
1594 648 1770 720 {Tm—{jd

122 718 169 758 of
195 718 267 759 the
291 720 531 774 Epiphany.
593 722 648 761 In
678 722 799 762 these
830 723 1001 776 epistles
1032 724 1134 776 they
1156 738 1262 765 were
1290 730 1403 765 wont
1435 713 1704 772 other-1⁶55]
1741 714 1747 721 ⁸

122 787 265 827 whiles
287 792 331 828 to
353 789 446 841 give
473 790 750 830 instructions
782 791 967 831 likewise
998 793 1259 846 concerning
1289 807 1372 848 any
1394 794 1514 846 point
1536 795 1583 834 of

120 854 300 906 religion
331 856 467 897 which
496 857 599 911 they
629 858 815 911 thought
845 860 1018 900 needful
1048 865 1093 900 to
1123 859 1176 901 be
1215 861 1438 914 published
1470 867 1576 903 unto

119 921 193 961 the
232 924 394 976 people.
470 925 571 964 And
612 925 791 966 because
826 927 1089 968 Athanasius
1125 928 1222 978 had,
1258 943 1415 982 among
1455 929 1577 970 other

119 989 279 1043 things,
324 992 587 1033 understood
629 993 724 1033 that
773 995 935 1034 certain
981 996 1237 1049 apocryphal
1286 996 1418 1037 books
1463 1002 1574 1037 went

119 1057 249 1098 about
279 1059 325 1099 in
355 1060 477 1100 those
509 1060 610 1114 days
638 1062 777 1102 under
807 1063 881 1102 the
912 1077 1038 1103 name
1069 1064 1117 1104 of
1142 1065 1286 1104 sacred
1319 1064 1402 1104 and
1435 1065 1573 1104 divine

121 1125 374 1180 Scriptures,
396 1128 450 1168 he
480 1128 666 1181 thought
696 1129 731 1169 it
763 1144 786 1169 a
817 1129 923 1183 duty
945 1131 1175 1183 belonging
1205 1137 1249 1171 to
1280 1132 1381 1177 him,
1403 1132 1448 1171 in
1479 1132 1574 1172 that

118 1196 236 1235 office
258 1195 305 1235 of
330 1210 355 1235 a
384 1196 610 1249 patriarch,
632 1201 676 1236 to
697 1197 850 1237 inform
884 1198 957 1238 the
988 1198 1202 1239 Churches
1232 1199 1495 1252 throughout
1518 1201 1573 1239 all

119 1262 433 1312 Christendom,
457 1263 568 1303 what
599 1278 706 1304 were
737 1265 810 1305 the
842 1266 1001 1305 certain
1033 1266 1116 1305 and
1148 1266 1399 1306 undoubted
1433 1268 1570 1320 Scrip-

116 1335 233 1370 tures
263 1330 369 1371 both
400 1331 447 1371 of
471 1332 544 1372 the
577 1332 659 1372 Old
692 1332 775 1372 and
806 1333 913 1373 New
942 1334 1202 1374 Testament.
1264 1335 1503 1384 Therefore,
1526 1336 1571 1376 in

117 1412 198 1438 one
224 1399 270 1439 of
295 1399 361 1438 his
390 1400 561 1453 paschal
595 1400 804 1453 epistiesh,
827 1400 880 1441 he
909 1401 1053 1454 giveth
1081 1402 1199 1442 them
1228 1416 1252 1441 a
1277 1403 1436 1455 perfect
1458 1408 1569 1443 cata-

116 1466 252 1519 logue,
275 1481 319 1506 as
342 1467 435 1507 well
455 1468 502 1508 of
527 1468 601 1508 the
629 1468 848 1508 canonical
877 1483 920 1508 as
943 1470 990 1509 of
1012 1469 1085 1509 the
1112 1470 1408 1510 ecclesiastica]
1438 1470 1570 1510 books

115 1535 221 1576 then
242 1535 430 1576 received
454 1535 508 1590 by
529 1536 603 1576 the
623 1537 831 1577 orthodox
849 1538 1101 1587 Christians,
1120 1539 1204 1578 and
1226 1539 1431 1591 chal-geth
1453 1539 1571 1578 them

116 1608 160 1643 to
182 1603 349 1644 abstain
374 1604 481 1644 from
510 1605 566 1644 all
593 1605 716 1645 other
747 1606 998 1659 apocryphal
1021 1607 1212 1660 writings
1244 1607 1492 1648 introduced
1515 1608 1571 1661 by

114 1671 308 1712 heretics.
370 1672 481 1722 And,
505 1673 608 1722 first,
630 1672 684 1712 he
709 1672 925 1713 declareth
949 1674 1044 1714 that
1076 1675 1131 1714 all
1161 1675 1234 1715 the
1265 1674 1396 1715 books
1425 1675 1472 1715 of
1496 1676 1569 1715 the

116 1739 200 1780 Old
221 1740 470 1781 Testament
501 1754 572 1781 are
601 1741 647 1780 in
678 1741 861 1782 number
892 1742 1421 1796 twenty-twoi‚-—naming
1450 1744 1568 1784 them

157 1899 171 1919 3
197 1893 295 1934 [Vide
313 1895 410 1931 Cave,
425 1899 500 1925 tom.
518 1895 537 1924 i.
554 1905 584 1934 p.
605 1894 694 1934 190.]

157 1935 174 1958 h
195 1938 224 1966 S.
235 1937 392 1967 Athanas.
406 1938 509 1977 Epist.
523 1938 630 1967 xxxix.
648 1938 679 1966 in
692 1937 722 1966 ii.
735 1941 807 1966 toni.

115 1990 199 2019 oper.
218 1985 249 2009 et
272 1980 358 2019 apud
384 1980 623 2015 Balsamoneni,
647 1990 674 2019 p.
693 1981 811 2009 920.—

115 2023 175 2051 Sed
188 2023 340 2061 quoniam
354 2023 587 2058 haereticorum,
603 2023 658 2052 Sec.
672 2034 679 2057 ;
695 2044 701 2051 .
713 2044 719 2051 .
729 2044 754 2051 ..
773 2021 810 2050 de

113 2065 203 2094 nobis
225 2070 343 2100 autem,
360 2070 395 2094 nt
412 2065 466 2103 qui
491 2065 615 2094 divinas
632 2064 811 2103 Scripturas

113 2108 152 2136 ad
170 2107 307 2136 salutem
324 2107 509 2142 habeamus
527 2117 634 2136 vereor
649 2107 743 2136 etiam
761 2116 809 2141 ne,

113 2150 384 2188 quemadmodum
410 2150 537 2188 scripsit
564 2150 602 2178 ad
627 2149 811 2178 Corinthios

114 2192 246 2227 Paulus,
263 2191 361 2231 aliqui
382 2191 509 2231 [pauci]
527 2203 544 2221 a
560 2192 765 2231 simplicitate
781 2196 812 2220 ct

113 2236 257 2264 castitate
285 2235 440 2271 aberrent,
466 2245 504 2264 ex
528 2235 727 2274 quorundam
752 2234 808 2263 ho-

113 2277 237 2306 minum
255 2277 440 2312 calliditate,
455 2301 461 2307 .
479 2300 485 2306 .
503 2302 509 2307 .
528 2301 534 2307 .
548 2287 695 2307 verorum
712 2276 808 2305 libro-

112 2330 183 2349 rum
209 2320 417 2359 homonymia
442 2318 730 2359 [aequivocatione]
756 2319 806 2347 dc-

113 2363 194 2402 cepti
200 2385 304 2399 .....
331 2363 479 2402 deinceps
504 2364 536 2392 in
564 2363 635 2398 alia,
661 2372 732 2401 qnae
761 2361 808 2390 di-

113 2411 231 2435 cuntur
267 2405 471 2445 Apocrypha,
504 2405 607 2435 delabi
644 2404 809 2443 incipiant.

115 2448 183 2485 (Ex
224 2448 485 2487 interpretatione
518 2447 679 2486 Herveti.)
717 2446 808 2485 [ἀλλ’

113 2490 220 2526 ἐπειδὴ
235 2490 303 2529 περὶ
320 2489 378 2527 μὲν
393 2492 456 2520 τῶν
474 2491 638 2531 αἱρετικῶν
655 2490 808 2527 ἐμνήσθη-

111 2545 180 2570 μεν,
192 2533 231 2564 ὡς
247 2535 372 2573 νεκρῶν,
386 2533 455 2572 περὶ
471 2532 503 2563 δὲ
520 2533 606 2570 ἡμῶν
621 2534 659 2562 ὡς
673 2533 813 2570 ἐχόντων

111 2575 186 2613 πρὸς
218 2574 375 2615 σωτηρίαν
398 2575 454 2606 τὰς
483 2575 565 2606 θείας
596 2575 727 2614 γραφὰς’
762 2574 812 2603 καὶ

113 2619 269 2655 φοβοῦμαι
289 2618 332 2656 μή
354 2631 428 2653 πως,
445 2619 484 2649 ὡς
508 2618 624 2658 ἔγραψε
643 2616 813 2657 Κορινθίοις

114 2661 249 2696 Παῦλος,
276 2659 380 2699 ὀλίγοι
407 2663 469 2691 τῶν
494 2660 644 2701 ἀκεραίων
671 2661 732 2690 ἀπὸ
755 2659 812 2693 τῆς

113 2700 292 2739 ἁπλότητος
311 2703 360 2733 καὶ
376 2705 432 2740 τῆς
456 2702 631 2741 ἆγνότητος
646 2703 810 2738 πλανηθῶ-

113 2755 172 2780 σιν,
186 2745 245 2775 ἀπὸ
261 2747 318 2781 τῆς
330 2745 518 2785 πανουργίας
533 2748 626 2775 τινῶν
639 2745 811 2784 ἀνθρώπων,

112 2787 163 2818 καὶ
177 2787 288 2818 λοιπὸν
302 2787 510 2826 ἐντυγχάνειν
523 2788 639 2827 ἑτέροις
652 2788 812 2827 ἄρξωνται,

112 2830 178 2860 τοῖς
196 2830 380 2868 λεγομένοις
400 2830 598 2870 ἀποκρύφοις,
617 2830 811 2867 ἀπατώμενοι

112 2873 154 2912 τῇ
179 2871 334 2913 ὁμωνυμίᾳ
363 2875 456 2903 τινῶν
482 2873 636 2909 ἀληθινῶν
667 2872 813 2907 βιβλίαν·

112 2917 284 2954 παρακαλῶ
301 2915 481 2954 ἀνέχεσθαι,
498 2915 524 2945 εἶ
539 2915 607 2953 περὶ
625 2915 665 2945 ὧν
682 2915 810 2944 ἐπίστα-

113 2959 178 2991 σθε,
194 2957 263 2996 περὶ
281 2957 402 2988 τούτων
418 2958 505 2997 κᾴγὼ
521 2956 721 2995 μνημονεύων
737 2955 813 2994 γρά-

113 3006 171 3037 φω,
190 3000 238 3029 διά
255 3012 290 3029 τε
307 3000 366 3036 τὴν
384 2999 524 3038 ἀνάγκην
542 3002 591 3029 καὶ
609 2999 645 3029 τὸ
663 2998 813 3038 κρήσίμον

869 1897 926 1931 τῆς
938 1895 1116 1932 ἐκκλησίας.
1133 1894 1262 1933 μέλλων
1273 1895 1305 1925 δὲ
1318 1895 1439 1926 τούτων
1447 1909 1564 1933 μνημο-

870 1938 977 1973 νεύειν,
990 1938 1146 1978 χρὴσομαι
1157 1938 1230 1977 πρὸς
1241 1940 1398 1968 σύστασιν
1407 1940 1461 1974 τῆς
1475 1940 1565 1976 ἐμαυ-

869 1981 925 2010 τοῦ
945 1980 1064 2018 τόλμης
1084 1982 1128 2018 τῷ
1150 1980 1236 2018 τύπῳ
1258 1981 1314 2009 τοῦ
1333 1981 1565 2018 εὐαγγελιστοῦ

869 2023 983 2057 Λουκίιὶ,
994 2022 1099 2060 λέγων
1109 2022 1158 2052 καὶ
1171 2024 1271 2053 αὐτὸς·
1297 2022 1402 2058 ἐπειδή
1416 2035 1472 2060 περ
1484 2023 1564 2053 τινὲς

871 2064 1081 2104 ἐπεχείρησαν
1098 2063 1305 2103 ἀνατάξασθαι
1323 2066 1442 2095 ἑαυτοῖς
1458 2066 1498 2094 τὰ
1511 2072 1564 2095 λε-

869 2106 989 2145 γόμενα
1005 2106 1178 2145 ἀπόκρυφα,
1191 2107 1240 2137 καὶ
1258 2107 1390 2145 ἐπιμῖξαι
1407 2109 1507 2137 ταῦτα
1523 2110 1564 2148 τῇ

871 2148 1067 2187 Θεοπνεύστῳ
1101 2151 1220 2189 γραφῇ,
1254 2150 1562 2189 ἐπληροφορήθημεν,

870 2204 897 2222 κ.
911 2204 937 2221 τ.
953 2198 982 2222 λ.
1002 2198 1035 2221 ut
1052 2192 1142 2229 infra,
1159 2198 1223 2221 not.
1240 2194 1401 2231 m.—Op.,
1419 2193 1465 2221 ed.
1486 2193 1561 2222 Bon.

870 2235 940 2264 Par.
966 2236 1055 2265 1698.
1071 2240 1145 2264 tom.
1161 2235 1180 2264 i.
1198 2245 1261 2273 par.
1280 2235 1311 2264 ii.
1329 2245 1356 2274 p.
1376 2234 1465 2273 Uni]

914 2276 922 2298 i
948 2277 1048 2307 Paulo
1077 2276 1279 2307 Ροεῂ-ἔστι
1302 2277 1406 2306 τοίνυν
1428 2279 1484 2312 τῆς
1506 2276 1564 2313 μὲν

868 2320 1004 2350 παλαιᾶς
1020 2320 1164 2356 διαθήκης
1188 2320 1301 2354 βιβλία
1323 2321 1367 2357 τῷ
1390 2320 1503 2359 ἀριθμῷ
1525 2320 1565 2349 τὰ

869 2361 972 2393 πάντα
997 2361 1159 2392 εἷκοσιδύο.
1190 2362 1349 2401 [τοσαῦτα
1372 2363 1443 2400 γὰρ,
1467 2363 1504 2392 ὡς
1528 2363 1563 2397 ἥ-

870 2416 979 2441 κουσα,
991 2405 1041 2435 καὶ
1058 2404 1098 2434 τὰ
1114 2405 1261 2443 στοιχεῖα
1275 2405 1315 2434 τὰ
1331 2406 1399 2443 παρ’
1413 2404 1564 2443 Ἑβραίοις

871 2447 946 2477 εἶναι
970 2447 1202 2487 παραδέδοται.]
1221 2449 1260 2487 τῇ
1284 2446 1315 2477 δὲ
1339 2447 1423 2485 τάξει
1447 2448 1495 2476 καὶ
1519 2447 1564 2484 τῷ

871 2489 998 2528 ὀνόματί
1024 2491 1112 2519 ἐστιν
1135 2489 1279 2524 ἕκαστον,
1305 2490 1411 2519 οὕτως·
1442 2491 1564 2528 πρῶτον

872 2532 1006 2569 Γένεσις,
1032 2531 1119 2571 [εἶτα
1142 2532 1277 2570 ἼΞξοδος,
1302 2532 1370 2562 εἶτα
1392 2532 1564 2564 Λευιτικὸν,

871 2576 920 2605 καὶ
944 2575 1025 2613 μετὰ
1047 2577 1141 2605 τοῦτο
1157 2575 1303 2613 Ἀριθμοὶ,
1321 2574 1370 2604 καὶ
1395 2574 1505 2603 λοιπὸν
1527 2574 1564 2603 τὸ

873 2617 1125 2657 Δευτερονόμιον.
1166 2618 1233 2655 ἑξῆς
1262 2616 1293 2646 δὲ
1323 2617 1445 2646 τούτοις
1476 2617 1564 2645 ἐστὶν

871 2661 990 2696 Ἰησοῦς
1006 2661 1021 2689 ὁ
1037 2661 1094 2689 τοῦ
1110 2660 1204 2695 Navi).
1221 2659 1269 2689 καὶ
1288 2659 1404 2697 Κριταὶ’
1423 2659 1471 2688 καὶ
1486 2658 1564 2695 μετὰ

871 2704 966 2732 τοῦτο
983 2702 1002 2738 ἡ
1016 2703 1114 2732 Ῥοῦθ·
1137 2702 1184 2732 καὶ
1201 2701 1296 2731 πάλιν
1313 2703 1382 2739 ἑξῆς
1395 2702 1565 2730 Rammium

871 2744 1014 2783 τέσσαρα
1029 2743 1151 2779 βιβλία,
1167 2744 1216 2773 καὶ
1233 2743 1351 2773 τούτων
1363 2744 1400 2772 τὺ
1416 2742 1473 2779 μὲν
1486 2744 1564 2780 πρῶ-

871 2799 928 2816 τον
944 2787 993 2817 καὶ
1011 2786 1156 2826 δεύτερον
1172 2786 1214 2816 εἷς
1239 2786 1271 2816 ἓν
1287 2785 1414 2820 βιβλίον
1431 2785 1562 2822 ἀριθμεῖ-

871 2841 932 2864 ται,
945 2829 981 2858 τὸ
999 2828 1030 2858 δὲ
1047 2828 1155 2867 τρίτον
1172 2829 1220 2858 καὶ
1238 2827 1389 2866 τέταρτον
1402 2827 1507 2862 ὁμοίως·
1523 2825 1563 2853 εἰς

873 2871 913 2900 ἕν.
931 2871 1011 2908 μετὰ
1024 2870 1167 2900 δὲταῦτα
1182 2870 1462 2909 Παραλειπομένων
1476 2866 1502 2896 α’
1514 2867 1561 2895 καὶ

872 2913 912 2948 β’,
931 2913 1038 2950 ὁμοίως
1057 2912 1098 2943 εἷς
1116 2912 1148 2942 ἓν
1167 2912 1295 2947 βιβλίον
1312 2911 1407 2940 πάλιν
1423 2908 1560 2946 ἀριθμού-

871 2968 957 2993 μενα,
971 2954 1176 2992 εἶτανῐζσδρας
1188 2954 1214 2983 α’
1229 2955 1277 2983 καὶ
1292 2952 1332 2986 β’,
1346 2953 1452 2988 ὁμοίως
1464 2951 1504 2980 εἰς
1517 2950 1557 2978 ἓν.

872 2998 951 3035 μετὰ
968 2997 998 3027 δὲ
1016 2998 1114 3026 ταῦτα
1131 2998 1244 3030 βίβλος
1261 2997 1406 3030 Ψαλμῶν
1431 2993 1477 3021 καὶ
1495 2993 1562 3028 ἑξῆς
