1987 3244
427 216 509 256 122
858 218 896 257 Α
921 218 1192 258 Scholastical
1210 218 1383 270 History
1405 217 1453 270 of

229 331 255 360 C
273 331 301 360 H
315 330 391 363 ΑΡ.
423 326 469 363 to
490 323 614 363 make
636 323 866 372 canonical,
889 324 974 365 and
1004 324 1240 378 absolutely
1261 323 1401 364 divine
1425 323 1655 377 Scripture,
1678 323 1812 364 either
1833 324 1879 366 of

279 375 337 405 VI.

427 390 470 431 S.
488 391 765 444 Augustine's
794 392 877 432 and
910 392 1031 432 other
1060 392 1134 432 the
1162 391 1352 432 Fathers'
1386 396 1617 441 sentences,
1649 405 1695 432 or
1728 392 1774 432 of
1800 392 1874 432 the

422 459 565 513 pope's
594 459 762 513 epistles
790 459 874 499 and
896 460 1063 500 decrees
1085 460 1132 500 of
1152 459 1352 510 councils,
1374 459 1497 500 when
1517 460 1619 512 they
1641 459 1875 500 attributed

422 527 496 568 the
525 528 696 580 general
726 542 851 568 name
872 527 918 568 of
944 528 1097 568 Divine
1128 528 1212 568 and
1236 528 1348 582 Holy
1375 527 1639 581 Scripturesx
1664 532 1709 569 to
1730 529 1847 568 them
1862 545 1872 578 3

422 596 558 636 which
579 596 680 649 they
702 595 773 635 did
804 596 903 649 only
931 600 976 636 to
1007 596 1264 649 distinguish
1295 596 1413 636 them
1444 596 1553 636 from
1584 597 1758 649 profane
1790 596 1874 636 and

423 664 585 704 secular
604 664 831 717 writingsv.
892 664 993 704 And
1013 664 1059 704 in
1081 665 1176 705 that
1204 678 1324 705 sense
1345 678 1406 704 we
1435 664 1733 717 acknowledge
1754 664 1875 705 those

421 731 568 782 books,
597 731 733 772 which
765 746 835 772 are
866 746 958 772 now
989 732 1034 772 in
1066 732 1218 773 debate
1248 732 1440 773 between
1469 732 1589 772 them
1621 733 1705 772 and
1735 747 1798 782 us,
1831 739 1875 773 to

421 799 528 840 have
558 799 665 840 been
694 799 805 839 cited
836 799 920 839 and
950 800 1128 850 termed,
1152 800 1207 854 by
1230 799 1391 854 sundry
1412 800 1460 840 of
1483 800 1558 840 the
1587 800 1776 850 FatherS,
1802 801 1875 840 Sa-

421 867 533 918 cred,
558 867 641 908 and
669 867 834 917 Divine,
865 868 949 908 and
977 867 1091 922 Holy
1118 869 1379 922 Scriptures:
1412 867 1601 908 whereof
1623 868 1725 922 they
1752 868 1876 908 made

422 949 478 975 no
509 935 630 975 other
656 949 730 975 use
758 935 863 975 than
893 940 938 976 to
970 950 1086 976 sever
1110 936 1228 976 them
1259 936 1368 976 from
1400 949 1596 976 common
1625 935 1769 986 books,
1793 936 1877 975 and

421 1006 467 1042 to
497 1002 706 1042 illustrate
737 1002 810 1042 the
840 1017 991 1056 proper
1022 1004 1106 1044 and
1142 1004 1360 1044 canonical
1394 1003 1630 1057 Scriptures
1661 1003 1717 1057 by
1744 1004 1874 1044 them.

422 1071 517 1120 For,
540 1070 676 1110 where
707 1074 751 1110 at
782 1085 864 1124 any
895 1072 998 1112 time
1029 1072 1131 1126 they
1162 1086 1280 1113 corne
1307 1076 1351 1112 to
1383 1072 1511 1125 speak
1543 1071 1761 1126 distinctly
1792 1072 1877 1112 and

422 1137 675 1190 accurately,
703 1137 823 1177 there
854 1138 955 1191 they
988 1139 1113 1180 make
1144 1154 1168 1180 a
1201 1139 1426 1180 difference
1459 1138 1650 1179 between
1686 1139 1759 1179 the
1797 1153 1877 1180 one

423 1205 507 1245 and
529 1205 602 1245 the
624 1205 756 1254 other,
782 1205 945 1258 sorting
967 1206 1103 1246 either
1125 1207 1172 1247 of
1194 1207 1313 1247 them
1334 1206 1426 1247 into
1447 1206 1559 1246 their
1580 1220 1673 1246 own
1693 1207 1879 1259 peculiar

465 1295 479 1309 ¹
504 1291 576 1320 Nic.
596 1290 621 1319 I.
640 1289 745 1329 Epist.
762 1289 800 1318 ad
818 1290 917 1319 Mich.
936 1291 1018 1331 Imp.
1035 1291 1115 1332 [Ep.

421 1333 620 1369 V.—Labbe,
642 1338 717 1362 tom.
735 1332 799 1362 viii.
824 1333 883 1363 col.
900 1333 989 1373 281.]
1039 1335 1119 1364 Sen—

422 1377 538 1406 tentias
576 1376 709 1405 Patrum
745 1375 899 1405 divinitus
940 1376 1118 1416 inspiratas.

424 1419 512 1458 [The
542 1418 642 1447 words
673 1418 708 1447 of
733 1417 820 1456 Pope
851 1418 1006 1449 Nicliolas
1045 1430 1117 1449 are:

424 1463 493 1491 Nos
518 1461 646 1500 quidem
669 1470 733 1490 non
756 1470 966 1490 numerosum
994 1466 1120 1492 tantum

422 1508 605 1534 sanctorum
622 1503 842 1542 episcoporum
867 1503 1037 1543 collegium
1058 1505 1118 1534 Ni-

422 1547 493 1576 ceni
531 1550 562 1575 et
592 1545 862 1574 Chalcedonensis
900 1547 1119 1585 conciliorum,

422 1593 676 1627 caeterorumque
700 1592 882 1617 sanctorum
908 1588 1040 1618 Patrum
1066 1601 1118 1629 sy-

425 1632 555 1661 nodicas
581 1630 826 1660 constitutiones
858 1631 1034 1669 sequimur,
1065 1633 1120 1662 sed

424 1674 554 1703 illorum
570 1672 698 1702 librales
715 1682 904 1701 veneramur
915 1674 1020 1712 justas
1038 1675 1119 1704 divi-

424 1717 511 1746 nitus
527 1716 695 1754 inspiratas
719 1715 913 1749 sententias;
939 1716 1014 1755 δια]
1067 1717 1118 1746 111-

425 1764 553 1788 nocent.
571 1758 650 1792 111„
668 1767 735 1796 cap.
754 1758 837 1786 Cum
853 1757 1004 1795 Marthae,
1020 1759 1121 1789 Extra

425 1802 463 1830 dc
477 1801 622 1830 celebrat.
647 1800 768 1835 Missae,
781 1810 891 1829 versus
904 1800 1007 1830 finem.
1025 1800 1120 1840 [Gre-

425 1853 492 1883 gor.
512 1843 572 1872 IX.
590 1842 762 1877 DecretaL,
786 1842 838 1872 lib.
857 1843 899 1872 iii.
919 1844 965 1872 tit.
984 1845 1033 1874 41.
1051 1855 1118 1883 cap.

426 1886 465 1915 vi.
492 1888 505 1924 ξ
537 1885 644 1915 Tertio
676 1885 762 1919 loco;
796 1895 843 1924 ap.
879 1885 1003 1925 Corpus
1033 1887 1120 1916 Juris

427 1928 593 1963 Canonici,
618 1933 692 1957 tom.
720 1927 752 1956 ii.
776 1927 834 1956 col.
862 1927 971 1967 1268]
1020 1929 1122 1968 Super

426 1981 489 2010 quo
520 1970 757 2010 respondemus,
790 1970 884 2008 quod,
913 1981 987 2000 cuin
1017 1971 1121 2001 Sacrae

427 2013 600 2052 Scripturae
624 2012 708 2042 dicat
732 2012 910 2048 auctoritas,
929 2013 1009 2052 quod
1035 2014 1120 2053 inju-

425 2056 505 2085 riam
520 2055 594 2085 facit
608 2055 749 2094 martyri,
764 2054 818 2093 qui
829 2060 895 2084 orat
905 2065 960 2094 pro
972 2061 1123 2096 martyre,

428 2098 609 2136 (Sententia
631 2102 678 2127 est
704 2097 733 2127 S.
747 2097 933 2135 Augustini,
953 2098 1052 2128 Serm.
1074 2098 1121 2130 17.

425 2141 464 2170 de
479 2141 583 2169 verbis
598 2139 771 2178 Apostoli,)
786 2140 870 2169 idem
886 2145 931 2170 est
949 2141 985 2170 de
1003 2142 1124 2172 ratione

426 2183 587 2212 consimili
605 2182 659 2220 [de
674 2182 744 2211 aliis
762 2182 886 2211 Sanctis
899 2184 1101 2213 sentiendum
1115 2197 1120 2215 :

427 2225 503 2264 quia
526 2225 722 2253 orationibus
745 2225 859 2253 nostris
883 2235 945 2254 non
966 2226 1122 2265 indigent,

427 2277 483 2306 pro
507 2276 542 2295 eo
567 2266 661 2305 quod,
687 2276 760 2295 cum
785 2266 846 2296 sint
870 2268 1007 2306 perfecte
1031 2269 1124 2305 beati,

427 2309 536 2338 omnia
552 2309 595 2337 eis
612 2308 651 2337 ad
667 2312 740 2337 vota
755 2309 941 2339 succedunt.
989 2311 1050 2339 Sed
1066 2322 1123 2341 nos

428 2351 535 2390 potius
559 2349 752 2379 orationibus
776 2359 886 2378 eorum
910 2351 1121 2392 indigemus]

429 2393 615 2427 Gratianus,
647 2392 680 2420 in
711 2392 847 2420 Decreto
884 2393 971 2422 Juris
1002 2394 1124 2426 Canon.

429 2436 513 2465 Di0t.
535 2435 583 2464 19.
601 2444 667 2473 cap.
685 2434 714 2463 6.
753 2433 792 2462 In
811 2433 991 2464 Canonicis.
1011 2435 1122 2476 [Corp.

427 2478 497 2508 Jur.
516 2477 605 2514 Cam,
630 2482 702 2506 tom.
720 2476 740 2505 i.
762 2475 819 2504 col.
843 2475 910 2515 67.]
960 2477 1050 2507 Inter
1073 2489 1124 2508 ca-

429 2521 561 2549 nonicas
586 2519 765 2557 Scripturas
789 2518 960 2547 decretales
983 2520 1124 2559 epistolae

430 2567 711 2592 connumerantur.
757 2559 814 2599 [In
832 2560 991 2590 canonicis
1017 2562 1123 2602 Scrip-

431 2605 510 2634 turis
527 2604 746 2634 Ecclesiarum
760 2603 998 2632 Catholicarum
1016 2615 1127 2644 quam-

429 2646 625 2687 plurimum]
665 2646 846 2675 divinarum
890 2645 1125 2685 Scripturarum

431 2689 658 2719 solertissimus
695 2689 861 2727 indagator
904 2689 1122 2719 auctoritatem

431 2736 593 2771 sequatur,
624 2732 704 2760 inter
735 2741 813 2770 quas
843 2740 918 2760 sane
948 2731 1013 2761 illae
1051 2733 1125 2768 siut,

431 2784 511 2813 quas
532 2774 705 2813 apostolica
727 2773 817 2803 sedes
840 2773 964 2809 habere,
982 2780 1011 2802 et
1034 2775 1072 2803 ab
1089 2785 1125 2804 ea

431 2816 485 2846 alii
522 2821 708 2845 meruerunt
745 2815 887 2854 accipere
923 2815 1125 2854 epistolas.-

430 2859 594 2888 Johannes
613 2859 778 2894 Andraeas,
793 2862 904 2887 auctor
929 2858 1055 2889 Glossae
1070 2869 1124 2889 su-

430 2910 488 2940 per
512 2901 682 2936 Decretal.,
706 2901 738 2929 in
770 2911 838 2939 cap.
865 2900 947 2930 Cum
973 2901 1125 2938 Marthae,

430 2947 505 2972 sect.
548 2944 655 2972 Tertio
698 2943 920 2972 loco.—-Sacra
959 2943 1125 2983 Scriptura

430 2985 482 3014 hic
498 2986 698 3025 appellantur
714 2985 829 3026 scripta
846 2985 1031 3025 Augustini,
1042 2987 1124 3016 unde

1178 1292 1248 1322 haec
1287 1293 1510 1322 desumuntur.
1569 1290 1657 1330 [Vid.
1690 1291 1784 1330 Grcg.
1816 1291 1876 1322 IX.

1179 1335 1351 1370 Demetai„
1370 1335 1424 1364 lib.
1446 1334 1489 1364 iii.
1514 1334 1563 1364 tit.
1589 1336 1640 1363 41.
1668 1344 1735 1373 cap.
1754 1335 1802 1363 11.
1831 1335 1878 1364 ed.

1180 1377 1250 1407 Par.
1272 1379 1362 1407 1512.
1389 1377 1446 1407 col.
1468 1378 1560 1413 1267,
1579 1377 1822 1406 1268.—G10ss.
1840 1377 1879 1406 ad

1180 1422 1194 1459 ᾗ
1214 1421 1320 1450 Tertio
1337 1420 1426 1456 loco.,
1445 1424 1479 1449 ut
1500 1419 1700 1459 supr.—-The
1723 1420 1824 1449 words
1848 1420 1883 1449 of

1180 1463 1349 1497 Andraeas,
1380 1463 1413 1491 in
1451 1462 1513 1491 this
1543 1462 1670 1498 edition,
1701 1472 1772 1491 are:
1811 1462 1876 1492 Re-

1182 1506 1317 1545 spondet
1342 1505 1437 1544 Papa,
1464 1506 1580 1534 ‘Sacra
1605 1505 1768 1543 Scriptura
1792 1504 1878 1541 dicit,

1183 1548 1267 1587 quod
1294 1548 1445 1587 injuriam
1468 1548 1544 1577 facit
1567 1547 1711 1586 martyri,
1731 1547 1787 1586 qui
1811 1553 1880 1576 orat

1180 1600 1235 1629 pro
1261 1595 1399 1630 martyre
1412 1593 1429 1625 ς’
1449 1590 1505 1619 δίο.
1524 1613 1530 1620 .
1548 1613 1555 1619 .
1573 1612 1579 1619 .
1600 1590 1662 1618 Sed
1680 1600 1775 1628 quare
1792 1589 1880 1628 Papa

1179 1633 1281 1672 ponit,
1299 1634 1356 1662 &o
1373 1655 1380 1662 .
1399 1655 1405 1661 .
1424 1655 1430 1661 .
1449 1642 1521 1661 cum
1551 1632 1755 1670 Augustinus
1783 1632 1876 1661 dicat.

1179 1675 1291 1703 —The
1308 1675 1428 1714 precise
1444 1675 1544 1703 words
1560 1674 1636 1703 used
1655 1674 1695 1713 by
1714 1673 1808 1702 Cosin
1827 1684 1879 1704 are

1180 1722 1233 1746 not
1260 1717 1357 1747 found
1384 1717 1416 1746 in
1441 1727 1503 1755 any
1532 1717 1649 1745 edition
1677 1716 1710 1745 of
1734 1716 1787 1746 the
1812 1717 1876 1745 De-

1181 1759 1322 1798 cretalsz]
1373 1759 1523 1788 Bellarm.
1552 1759 1589 1788 de
1618 1758 1738 1788 Concil.
1767 1764 1875 1788 aucto-

1180 1802 1276 1837 ritat.,
1294 1802 1345 1831 lib.
1359 1802 1392 1830 ii.
1409 1812 1476 1838 cap.
1491 1802 1537 1830 12.
1558 1800 1649 1839 [tom.
1664 1801 1696 1830 ii.
1714 1801 1874 1840 col.111.]

1182 1844 1274 1874 Licet
1301 1854 1436 1874 canones
1462 1843 1668 1873 conciliorum
1696 1848 1726 1873 et
1750 1844 1876 1882 pontifi—

1181 1897 1255 1916 cum
1281 1887 1435 1923 (decreta)
1462 1886 1713 1924 distinguuntur,
1736 1890 1767 1915 et
1791 1891 1877 1925 post-

1182 1934 1345 1968 ponuntur
1362 1929 1535 1968 Scripturae
1547 1928 1686 1964 Divinae,
1701 1933 1805 1958 tamen
1821 1939 1877 1958 suo

1182 1972 1275 2000 modo
1300 1976 1382 2007 sunt,
1408 1976 1438 2000 et
1463 1970 1525 2000 dici
1551 1976 1694 2010 possunt,
1722 1971 1879 2009 scriptura

1184 2013 1334 2054 [scripta]
1371 2023 1460 2043 sacra
1484 2018 1515 2042 et
1536 2013 1697 2048 canonica,
1720 2014 1878 2052 quomodo

1182 2057 1234 2086 vii.
1251 2057 1400 2096 syiioduS‚
1420 2060 1479 2086 act.
1497 2057 1525 2092 3,
1542 2060 1634 2085 vocat
1656 2056 1782 2085 decreta
1805 2066 1879 2085 con-

1183 2100 1329 2129 ciliorum
1368 2099 1522 2129 divinitus
1560 2098 1730 2138 inspiratas
1761 2099 1878 2128 consti—

1183 2143 1330 2171 tutiones.

1227 2192 1240 2211 y
1266 2184 1387 2214 Melch.
1405 2183 1522 2219 Canus,
1543 2183 1630 2220 Loc.,
1646 2183 1700 2212 lib.
1717 2193 1745 2212 v.
1764 2192 1833 2222 cap.
1849 2184 1877 2213 5.

1188 2225 1232 2266 [p.
1253 2226 1342 2266 269.]
1392 2226 1602 2256 Innocentius
1626 2226 1721 2255 verba
1746 2225 1878 2264 Augus-

1182 2269 1242 2298 tini
1290 2279 1413 2299 sacram
1457 2269 1648 2308 scripturam
1693 2268 1874 2306 appellavit,

1184 2312 1456 2350 quemadmodum
1486 2311 1572 2350 leges
1605 2310 1777 2350 pontificiae
1808 2312 1878 2339 ‘sa-

1184 2355 1257 2382 crae'
1284 2354 1447 2389 dicuntur,
1463 2358 1499 2382 ut
1521 2364 1539 2382 a
1554 2353 1679 2391 legibus
1696 2352 1878 2392 principum

1184 2395 1657 2425 discriminentur.—Bellarm.
1693 2395 1731 2424 de
1771 2395 1878 2430 Conc.,

1184 2437 1237 2467 lib.
1266 2438 1295 2466 ii.
1328 2448 1397 2476 cap.
1430 2439 1477 2466 12.
1509 2442 1582 2466 sect.
1616 2437 1698 2466 Dico
1730 2438 1878 2467 secundo„

1186 2478 1278 2517 [tom.
1292 2479 1323 2508 ii.
1343 2479 1400 2508 eol.
1422 2480 1490 2508 111.
1508 2479 1563 2508 ubi
1580 2478 1702 2517 supra.]
1742 2479 1879 2508 Decreta

1183 2521 1374 2560 pontificum
1392 2520 1575 2559 (dicuntur)
1594 2521 1759 2559 scripturae
1774 2531 1879 2555 saone,

1179 2585 1186 2592 .
1203 2585 1209 2592 .
1227 2586 1233 2592 .
1252 2567 1287 2592 ut
1303 2563 1542 2601 distinguantur
1557 2573 1575 2592 a
1589 2562 1738 2601 profanis,
1756 2567 1786 2591 et
1803 2572 1879 2591 con-

1184 2605 1258 2634 cilia
1286 2604 1498 2644 [canonc'cces']
1531 2609 1566 2633 ut
1593 2604 1832 2643 distinguantur
1861 2615 1880 2634 a

1184 2647 1309 2686 scriptis
1326 2648 1470 2682 Patrum,
1487 2657 1559 2685 quae
1575 2656 1638 2675 non
1656 2650 1729 2675 sunt
1745 2646 1877 2685 regulae.

1183 2690 1377 2729 ——Loysius,
1404 2689 1545 2719 Sentent.
1563 2688 1684 2723 Theol.,
1702 2688 1754 2717 lib.
1772 2689 1791 2718 i.
1809 2699 1877 2728 cap.

1187 2732 1356 2762 13.—Non
1393 2736 1520 2760 moveat
1557 2741 1763 2770 quemquam,
1793 2732 1879 2770 quod

1184 2774 1295 2804 Patres
1322 2784 1361 2804 ex
1393 2774 1443 2803 his
1468 2773 1557 2802 libris
1583 2773 1673 2802 Fidei
1696 2773 1880 2803 testimonia

1184 2821 1324 2847 sumant.
1371 2816 1457 2846 Nam
1474 2820 1639 2855 propterea
1655 2825 1715 2844 non
1735 2817 1878 2854 sequitur

1184 2870 1236 2889 eos
1263 2859 1345 2888 inter
1370 2858 1467 2887 libros
1498 2859 1664 2887 canonicos
1697 2857 1877 2893 collocasse,

1184 2912 1246 2931 non
1269 2901 1371 2940 magis
1395 2911 1490 2940 quam
1508 2900 1625 2929 librum
1643 2900 1793 2935 Henoch;
1820 2900 1877 2930 διο.

1185 2943 1256 2983 [No
1280 2954 1359 2984 copy
1382 2945 1417 2973 of
1435 2943 1498 2973 this
1522 2943 1607 2973 work
1630 2942 1687 2972 has
1710 2943 1787 2972 been
1813 2946 1879 2972 mct

1183 2985 1285 3025 witin]
