1987 3244
541 216 606 254 the
631 216 769 255 Canon
790 215 839 267 of
851 217 916 255 tlte
939 216 1184 268 Scriptures.
1541 221 1592 258 91

135 318 201 359 for
222 318 360 359 which
380 333 563 373 purpose
583 333 645 360 we
673 320 780 360 shall
801 320 891 360 find
921 334 977 360 no
999 320 1135 370 Bible,
1165 320 1302 361 either
1332 323 1596 375 manuscript

135 400 182 427 or
202 387 383 440 printed,
407 401 564 440 among
591 401 654 438 us,
682 388 940 442 (commonly
962 393 1026 428 set
1056 388 1171 428 forth
1193 389 1280 428 and
1305 389 1409 428 used
1439 390 1504 429 for
1524 390 1597 429 the

135 455 314 507 vulgar,)
339 455 524 495 wherein
545 456 667 495 those
697 456 924 508 prologues
956 470 1026 496 are
1056 460 1133 496 not
1164 456 1314 506 added,
1339 456 1422 496 and
1451 457 1599 510 placed

134 521 180 561 in
201 522 275 562 the
296 522 411 562 front
433 522 481 562 of
506 522 625 562 them
648 523 704 562 all
716 540 727 572 3
761 523 897 563 which
918 524 952 564 is
985 528 1028 564 at
1059 524 1165 564 least
1188 539 1212 564 a
1232 539 1332 578 very
1354 529 1474 577 great
1505 539 1598 577 pre-

130 588 274 641 judice
319 589 372 641 (if
400 589 434 629 it
470 589 523 629 be
559 595 635 630 not
672 604 696 630 a
728 590 894 643 forcing
935 591 1020 631 and
1053 592 1312 644 concluding
1353 592 1594 644 argument)

135 657 302 708 against
328 657 449 697 those
475 671 572 697 men
602 658 698 698 that
726 672 820 698 now
843 658 1003 699 dissent
1024 659 1133 699 from
1155 660 1267 699 their
1293 660 1597 712 predecessors,

134 723 218 763 and
240 723 344 764 have
365 724 488 764 made
511 739 535 765 a
556 739 694 765 canon
714 730 759 766 to
780 726 992 766 condemn
1013 727 1125 766 their
1145 741 1239 766 own
1262 726 1419 766 Bibles.

192 791 351 831 LXXI.
385 792 466 832 For
489 793 531 832 S.
557 793 772 843 Hierome,
795 793 900 833 both
920 793 966 833 in
994 794 1114 834 these
1143 794 1229 834 and
1257 794 1303 834 in
1324 808 1454 847 many
1476 793 1599 834 other

133 858 272 912 places
302 858 350 898 of
379 859 444 899 his
474 860 625 909 works,
657 860 691 900 is
728 874 774 900 so
810 860 921 900 clear
955 860 1020 901 for
1053 875 1131 901 our
1167 861 1417 901 distinction
1450 861 1498 901 of
1526 861 1599 901 the

134 926 353 966 canonica]
383 926 516 967 books
547 928 658 967 from
693 928 815 968 those
846 928 983 968 which
1015 943 1075 969 we
1111 929 1297 969 number
1337 943 1495 982 among
1525 929 1598 969 the

135 995 401 1049 apocryphal,
423 996 518 1036 that
539 997 746 1050 certainly
768 1011 828 1037 we
850 997 934 1036 had
955 997 1019 1037 far
1041 1002 1210 1051 greater
1230 1012 1382 1038 reason.
1404 1002 1449 1038 to
1472 997 1597 1037 make

133 1062 396 1103 honourable
424 1064 617 1104 mention
638 1065 686 1104 of
705 1064 769 1105 his
795 1079 919 1105 name
941 1070 985 1105 to
1011 1065 1096 1105 this
1129 1079 1310 1119 purpose
1337 1066 1383 1105 in
1405 1079 1483 1105 our
1503 1079 1597 1105 own

133 1130 334 1181 Articleu,
356 1131 464 1171 than
494 1132 568 1172 the
599 1137 779 1172 masters
808 1133 855 1173 of
880 1134 953 1173 the
980 1133 1153 1173 Church
1175 1134 1223 1173 of
1251 1134 1385 1173 Rome
1416 1133 1522 1172 have
1553 1136 1598 1172 to

133 1198 297 1251 preface
317 1198 429 1239 their
450 1200 650 1253 ordinary
673 1200 817 1240 Bibles
840 1200 927 1241 still
951 1201 1052 1241 with
1073 1201 1138 1240 his
1159 1201 1396 1253 prologues,
1414 1200 1599 1240 wherein

134 1265 236 1319 they
257 1280 327 1306 are
349 1280 393 1306 so
415 1266 532 1307 often
552 1267 733 1307 refuted.
778 1270 815 1307 1.
849 1269 903 1308 In
925 1268 990 1307 his
1011 1268 1205 1321 prefaceX
1226 1282 1343 1321 upon
1364 1268 1437 1307 the
1460 1267 1597 1307 books

178 1370 193 1384 '¹
217 1365 317 1396 Artic.
331 1365 419 1396 Eccl.
436 1365 531 1404 Angl.
543 1366 583 1395 vi.
599 1365 710 1405 [Alios
727 1371 835 1396 autem

134 1409 232 1438 libros
244 1408 296 1446 (ut
308 1408 352 1438 ait
367 1407 602 1447 Hieronymus)
615 1409 691 1447 legit
707 1409 836 1448 quidem

137 1452 281 1486 ecclesia,
298 1451 337 1480 ad
354 1451 500 1490 exempla
516 1452 590 1480 vitae
607 1456 637 1480 et
652 1452 836 1481 formandos

894 1367 1033 1403 librum3
1073 1372 1103 1397 et
1139 1367 1172 1397 in
1211 1367 1348 1397 eundem
1388 1366 1600 1406 compingunt

896 1410 999 1446 Ruth,
1021 1410 1095 1450 quia
1122 1410 1154 1439 in
1186 1410 1295 1439 diebus
1323 1410 1480 1439 Judicum
1511 1409 1595 1438 facta

895 1458 1042 1482 narratur
1079 1453 1218 1482 historia.
1288 1452 1416 1481 Tertius
1454 1452 1599 1490 sequitur

136 1504 259 1528 mores;
292 1493 364 1522 illos
389 1498 496 1522 tamen
521 1493 561 1522 ad
589 1494 739 1533 dogmata
763 1504 836 1524 con-

136 1535 292 1566 firmanda
308 1545 371 1564 non
388 1535 545 1574 adhibet.]

178 1582 193 1596 ¹
217 1578 247 1607 S.
267 1578 356 1608 Hier.
381 1577 414 1607 in
438 1577 574 1616 Prologo
599 1578 744 1614 Galeato,
770 1579 835 1608 sive

136 1620 264 1650 Praefat.
290 1620 323 1649 in
347 1619 401 1650 lib.
428 1620 564 1659 Regum.
588 1619 679 1660 [Op.‚
697 1624 775 1650 tom.
790 1621 835 1650 ix.

137 1663 193 1693 col.
233 1664 306 1698 454,
345 1667 376 1692 et
414 1663 645 1702 seq—Incipit
683 1663 834 1692 Praefatio

136 1705 330 1744 Hieronymi
346 1705 524 1744 presbyteri
540 1705 572 1733 in
590 1705 686 1734 libros
705 1706 835 1735 Samuel

136 1752 167 1777 et
191 1747 550 1787 Malachim.—Viginti
573 1752 603 1777 et
626 1748 706 1777 duas
729 1748 835 1778 literas

135 1800 204 1820 esse
228 1790 313 1829 apud
336 1790 501 1826 Hebraeos,
527 1790 681 1829 Syrorum
709 1801 836 1830 quoque

136 1837 167 1862 et
191 1832 420 1863 Chaldaeorum
448 1833 560 1871 lingua
589 1837 734 1869 testatur,
762 1844 834 1873 quae

138 1875 286 1904 Hebraeae
304 1885 421 1914 magna
437 1885 475 1904 ex
498 1880 586 1914 parte
611 1876 745 1905 confinis
769 1882 833 1905 est:

135 1928 210 1947 nam
235 1923 265 1947 et
288 1918 349 1957 ipsi
372 1918 486 1956 viginti
511 1918 572 1947 duo
598 1918 756 1947 elementa
778 1918 834 1948 ha-

135 1960 211 1990 bent
235 1960 345 1989 eodem
370 1970 456 1996 sono,
475 1960 529 1989 sed
549 1960 681 1989 diversis
705 1960 835 1990 charac-

136 2003 265 2032 teribus.
314 2003 506 2032 Samaritani
537 2002 632 2032 etiam
663 2003 835 2031 Pentateu-

136 2044 233 2074 chum
257 2045 342 2074 Mosi
365 2045 497 2074 totidem
520 2044 621 2073 literis
645 2045 836 2083 scriptitant,

137 2087 248 2125 figuris
264 2091 389 2116 tantum
407 2092 438 2116 et
453 2087 597 2125 apicibus
610 2086 835 2125 discrepantes.

138 2129 310 2163 Quomodo
333 2129 432 2167 igitur
454 2129 569 2167 viginti
593 2129 654 2158 duo
679 2128 837 2158 elementa

138 2175 221 2206 sunt,
259 2181 315 2210 per
353 2181 424 2209 quae
470 2171 639 2200 scribimus
679 2171 837 2200 Hebraice

138 2223 232 2243 omne
256 2214 340 2252 quod
363 2213 534 2252 loquimur,
551 2218 581 2242 et
605 2223 713 2242 eorum
736 2213 837 2243 initiis

137 2266 199 2285 vox
214 2256 356 2285 humana
372 2255 687 2295 comprehenditun]
702 2256 746 2285 ita
759 2256 836 2285 xxii.

138 2298 304 2327 volumina
343 2302 566 2337 supputantur,
598 2298 715 2338 quibus
746 2299 837 2337 quasi

138 2340 238 2370 literis
262 2346 293 2370 et
316 2341 465 2376 exordiis,
482 2340 515 2369 in
538 2340 600 2370 Dei
624 2340 775 2376 doctrina,
793 2345 838 2370 te·-

138 2392 214 2412 nera
227 2383 331 2412 adhuc
344 2387 374 2412 et
390 2382 511 2412 lactens
525 2383 584 2412 viri
597 2383 677 2421 justi
695 2384 838 2413 eruditur

138 2425 282 2455 infantia.
328 2425 457 2454 Primus
474 2425 558 2465 apud
572 2435 624 2454 eos
643 2425 723 2455 liber
744 2436 836 2455 voca-

138 2471 191 2497 tur
209 2468 373 2505 (Genesis,
392 2467 468 2506 dcc.)
488 2467 647 2507 [Bresith‚
664 2478 760 2508 quem
780 2479 838 2498 nos

140 2510 293 2540 Genesim
338 2510 485 2539 dicimus.
552 2511 718 2540 Secundus
763 2511 837 2541 Elle

139 2552 262 2589 smoth,
286 2553 341 2592 qui
366 2553 500 2582 Exodus
524 2553 713 2592 appellatur.
760 2553 836 2582 Ter-

138 2595 202 2625 tius
214 2595 357 2634 Vajccra,
369 2595 402 2624 id
413 2600 469 2631 est,
479 2595 653 2625 Leviticus.
693 2595 839 2626 Quartus

138 2636 347 2676 vajedabber,
372 2647 467 2677 quem
494 2637 655 2667 Numeros
675 2648 836 2669 vocamus,

140 2679 283 2710 Quintus
307 2679 380 2709 Elle
403 2680 609 2716 Addaberim,
635 2681 690 2720 qui
715 2680 836 2710 Deute-

139 2723 320 2751 ronomium
337 2727 543 2761 praenotatur.
591 2722 635 2751 Hi
650 2727 725 2752 sunt
742 2723 836 2762 quin-

140 2774 202 2803 que
224 2764 297 2794 libri
322 2764 416 2801 Mosi,
435 2775 514 2804 quos
538 2765 663 2805 proprie
685 2765 837 2800 'rhox-ath,

139 2806 172 2835 id
195 2811 254 2843 est,
278 2807 410 2845 Legem,
434 2807 606 2847 appellant.
653 2807 838 2837 Secundum

140 2849 369 2887 prophetarum
396 2850 539 2879 ordinem
564 2850 705 2884 faciunt;
734 2855 765 2879 et
789 2850 837 2878 in-

141 2891 265 2930 cipiunt
292 2891 331 2920 ab
352 2891 433 2921 Jesu
457 2892 522 2921 filio
546 2892 648 2926 Nave,
673 2892 728 2932 qui
755 2891 839 2931 apud

141 2943 193 2962 eos
216 2933 314 2963 Josue
340 2932 408 2962 Ben
434 2934 512 2963 Nun
542 2934 666 2964 dicitur.
715 2934 840 2963 Deinde

142 2976 319 3006 subtexunt
347 2975 504 3015 Sophtim,
535 2976 568 3006 id
599 2981 656 3011 est,
686 2976 839 3006 Judicum

896 1495 1036 1530 Samuel,
1054 1505 1149 1534 quem
1173 1505 1231 1523 nos
1249 1494 1438 1534 Regnorum
1456 1495 1598 1533 primum

895 1541 926 1566 et
942 1538 1120 1566 secundum
1138 1537 1286 1566 dicimus.
1328 1536 1473 1567 Quartus
1491 1536 1599 1565 Mala-

895 1579 992 1615 chim,
1024 1580 1056 1609 id
1087 1584 1146 1615 est,
1178 1579 1319 1619 Regum,
1351 1579 1404 1618 qui
1438 1579 1530 1608 tertio
1569 1583 1600 1608 et

894 1627 1007 1660 quarto
1020 1622 1209 1661 Regnorum
1223 1622 1384 1651 volumine
1401 1621 1597 1650 continetur:

894 1664 1074 1703 meliusque
1092 1664 1196 1694 multo
1218 1670 1276 1700 est,
1294 1664 1486 1699 Malachim,
1502 1663 1533 1692 id
1551 1668 1599 1692 est

895 1706 1037 1745 Regum,
1055 1718 1153 1746 quam
1170 1706 1368 1742 Malachoffl,
1386 1707 1419 1735 id
1442 1711 1491 1735 est
1506 1706 1594 1744 Reg-

894 1759 1020 1785 norum,
1050 1750 1171 1779 dicere:
1212 1760 1275 1778 non
1304 1749 1390 1778 enim
1420 1749 1599 1777 multarum

894 1792 1041 1831 gentium
1081 1802 1178 1831 regna
1209 1792 1369 1827 describit,
1409 1792 1464 1820 sed
1502 1791 1599 1820 unius

898 1834 1067 1864 Israelitici
1086 1834 1205 1874 populi,
1224 1834 1279 1873 qui
1303 1834 1450 1863 tribubus
1475 1833 1595 1862 duode-

895 1877 956 1906 cim
974 1877 1164 1906 continetur.
1213 1877 1356 1907 Quintus
1374 1875 1499 1909 Esaias,
1516 1876 1594 1904 Sex-

895 1924 946 1948 tus
962 1919 1127 1949 Jeremias.
1155 1919 1317 1957 Septimus
1333 1917 1504 1947 Jezechiel.
1531 1917 1597 1946 Oc-

896 1965 989 1990 tavus
1027 1961 1105 1990 liber
1137 1961 1318 1990 Duodecim
1356 1960 1600 1998 Prophetarum,

896 2003 951 2041 qui
982 2003 1066 2042 apud
1096 2003 1170 2032 illos
1207 2007 1340 2031 vocatur
1369 2002 1473 2030 Tharc
1505 2002 1596 2030 Asra.

896 2045 1025 2074 Tertius
1057 2045 1130 2074 ordo
1162 2042 1343 2083 ἆγιόγραφα
1372 2044 1532 2083 possidet;
1567 2048 1598 2072 ct

896 2087 1019 2127 primus
1036 2086 1114 2116 liber
1131 2087 1243 2126 incipit
1258 2087 1295 2115 ab
1311 2087 1381 2116 Job.
1429 2085 1597 2114 Secundus

896 2140 914 2159 a
939 2129 1061 2163 I)avid;
1094 2140 1190 2168 quem
1215 2130 1356 2168 quinque
1378 2128 1600 2164 incisionibus,

896 2176 927 2201 et
951 2182 1015 2201 uno
1032 2171 1237 2201 Psalmorum
1259 2171 1435 2206 volumine,
1451 2180 1595 2210 compre-

896 2214 1051 2244 hendunt.
1108 2214 1236 2243 Tertius
1268 2218 1315 2243 est
1345 2213 1506 2249 Salomon,
1536 2217 1598 2241 tres

898 2256 995 2286 libros
1041 2256 1399 2293 habens,—Proverbia‚
1438 2266 1509 2294 quae
1550 2254 1598 2283 illi

897 2298 1076 2333 Parabolas‚
1089 2299 1120 2327 id
1134 2304 1180 2328 est
1196 2299 1369 2334 Masaloth,
1382 2298 1599 2338 appellant,—

896 2341 1127 2378 Ecclesiastffli,
1158 2342 1191 2370 id
1219 2346 1267 2371 est
1296 2340 1596 2376 Coeleth,—Canti-

896 2391 970 2413 cum
987 2384 1208 2419 Canticorum,
1226 2394 1321 2424 quem
1346 2383 1441 2413 titulo
1467 2382 1516 2411 Sir
1534 2382 1596 2410 As-

896 2427 990 2456 serim
1015 2431 1204 2466 praenotant.
1253 2427 1369 2456 Sextus
1397 2430 1444 2455 est
1469 2424 1594 2454 Daniel.

898 2469 1060 2509 Septimus
1078 2470 1185 2499 Dabre
1203 2469 1359 2508 Ajamim,
1374 2468 1406 2497 id
1431 2473 1478 2497 est
1493 2467 1599 2496 Verba

898 2512 1045 2547 Dierum,
1073 2512 1158 2550 quod
1185 2511 1420 2550 significantius
1448 2509 1599 2549 Χρονικὺν

898 2554 993 2583 totius
1021 2554 1149 2584 Divinae
1176 2554 1315 2583 historiae
1342 2562 1513 2593 possumus
1541 2562 1597 2591 ap-

897 2597 1032 2636 pellare:
1060 2597 1115 2636 qui
1142 2597 1220 2626 liber
1244 2597 1329 2637 apud
1355 2606 1411 2625 nos
1442 2599 1597 2632 Παραλει-

897 2638 1038 2676 πομένων
1075 2639 1197 2678 primus
1227 2643 1257 2668 et
1288 2639 1448 2668 secundus
1486 2637 1598 2666 inscri-

897 2681 992 2712 bitur.
1054 2682 1196 2711 Octavus
1227 2681 1341 2717 Ezras,
1373 2681 1428 2720 qui
1465 2684 1496 2709 et
1533 2679 1600 2718 ipse

898 2724 1047 2753 similiter
1074 2725 1159 2764 apud
1186 2724 1318 2753 Graecos
1348 2728 1378 2753 et
1404 2722 1536 2752 Latinos
1565 2721 1598 2749 111

898 2765 977 2795 duos
992 2766 1088 2795 libros
1099 2767 1219 2795 divisus
1231 2771 1286 2796 est.
1321 2766 1435 2795 Nonus
1450 2761 1596 2801 Esther]

898 2807 1006 2846 Atque
1031 2808 1075 2837 ita
1106 2809 1187 2838 fiunt
1210 2809 1327 2849 pariter
1348 2807 1474 2837 Veteris
1502 2806 1598 2843 chgis

897 2849 970 2878 libri
993 2851 1107 2889 viginti
1131 2851 1211 2885 duo;
1239 2851 1271 2880 id
1287 2855 1343 2886 est,
1362 2849 1486 2889 Moysis
1503 2848 1597 2887 quin-

899 2902 972 2931 que,
989 2892 1222 2932 Prophetarum
1245 2899 1325 2929 octo,
1352 2891 1596 2932 Ilagiographo-

899 2944 971 2964 rum
1015 2945 1129 2964 novem
1151 2948 1157 2965 ε
1211 2946 1407 2976 quamquam
1452 2931 1599 2962 nonnulli

901 2976 992 3006 Ruth
1010 2982 1040 3006 et
1053 2977 1168 3007 Cinoth
1187 2979 1267 3007 inter
1284 2976 1481 3016 ἇ-γριόγραφα
1498 2973 1596 3012 scrip-

1667 340 1760 361 TEST.

1631 383 1729 403 CENT.
1748 383 1790 404 lv.
