1987 3244
436 239 519 280 154
863 241 903 280 Α
927 241 1198 281 Scholastical
1215 240 1388 292 History
1411 239 1460 292 of

231 351 400 383 CHAP.
433 348 479 386 to
509 345 604 386 that
634 345 771 387 which
798 360 858 387 we
888 346 993 387 have
1024 346 1194 400 already
1214 346 1372 387 recited
1403 351 1478 387 out
1506 346 1554 387 of
1581 346 1622 386 S.
1642 345 1883 399 Augustine

278 395 358 426 VII
433 413 518 454 and
539 413 612 454 the
637 413 801 454 council
823 414 870 454 of
895 414 1119 466 Carthage.
1181 414 1267 454 But
1289 413 1382 455 who
1412 414 1558 454 knows
1580 413 1769 454 whether
1798 413 1884 454 this

433 482 486 523 be
516 497 600 536 any
628 483 812 535 genuine
840 483 921 523 and
954 487 1048 523 true
1079 482 1229 535 epistle
1259 482 1305 523 of
1331 483 1445 536 Pope
1474 484 1698 532 Innocent‚
1722 496 1769 522 or
1792 482 1883 522 no?

432 551 516 592 For
538 551 655 591 there
671 550 705 590 is
728 554 846 603 great
860 564 1009 591 reason
1024 556 1069 590 to
1086 550 1218 591 doubt
1239 551 1273 591 it
1292 567 1300 591 :
1337 552 1408 604 (1.)
1428 551 1553 601 First,
1570 551 1748 591 because
1764 550 1884 590 there

431 618 467 658 is
488 632 543 659 no
565 618 863 659 ecclesiastical
883 618 1024 658 writer
1044 618 1138 659 that
1160 619 1263 660 took
1285 633 1368 672 any
1389 619 1532 659 notice
1554 619 1600 659 of
1615 619 1649 658 it
1675 619 1734 671 (as
1754 632 1883 669 many

217 696 307 736 [Vid.
323 698 369 727 ed.
433 686 505 726 did
526 686 574 726 of
599 700 713 727 some
741 686 916 739 other(s)
940 686 1006 726 his
1037 686 1243 740 epistlese)
1268 687 1313 726 in
1335 687 1390 727 all
1413 687 1505 727 that
1527 701 1604 739 age
1624 686 1810 726 wherein
1830 685 1884 725 he

212 750 325 821 ζζζέζ]
436 753 559 802 lived,
586 768 664 794 nor
688 753 754 793 till
784 753 837 793 he
866 753 951 793 had
979 753 1087 794 been
1117 768 1220 795 near
1246 769 1362 808 upon
1390 754 1510 795 three
1541 753 1737 794 hundred
1763 766 1884 807 years

432 821 551 861 dead.
590 821 633 861 It
649 821 683 861 is
699 835 793 861 now
810 825 883 874 got
899 821 990 862 into
1006 822 1079 862 the
1096 822 1208 876 body
1224 823 1271 863 of
1286 824 1359 863 the
1376 822 1575 871 councils,
1593 821 1722 874 being
1738 820 1884 874 placed

431 888 552 929 there
583 902 738 941 among
768 889 841 929 the
864 889 1048 930 decretal
1078 891 1247 943 epistles
1275 890 1321 931 of
1345 890 1419 930 the
1449 903 1577 943 popes
1594 907 1605 939 3
1637 889 1716 929 but
1746 889 1779 928 it
1801 902 1883 928 was

431 957 522 996 first
539 956 670 996 taken
692 961 766 996 out
788 956 873 996 and
893 956 1078 1010 brought
1100 958 1145 997 in
1161 958 1323 998 thither
1344 958 1453 998 from
1469 957 1542 997 the
1560 958 1727 997 Roman
1749 954 1882 1004 codes,

430 1022 568 1063 which
584 1023 631 1063 of
651 1024 704 1075 (a)
730 1023 831 1076 long
852 1024 956 1064 time
977 1024 1061 1064 had
1082 1039 1137 1065 no
1155 1025 1258 1065 such
1274 1025 1423 1078 epistle
1443 1025 1488 1065 in
1509 1025 1555 1064 it.
1609 1024 1697 1063 The
1712 1022 1883 1063 Church

431 1090 479 1130 of
503 1090 573 1130 old
600 1104 682 1130 was
711 1096 824 1131 wont
852 1096 896 1131 to
927 1091 976 1132 be
1006 1093 1227 1143 regulated
1256 1093 1313 1147 by
1334 1093 1406 1133 the
1437 1106 1595 1133 canons
1617 1091 1664 1131 of
1688 1091 1761 1131 the
1789 1090 1883 1130 uni-

430 1158 566 1198 versal
594 1158 732 1208 codeg,
756 1159 850 1199 that
876 1159 1087 1200 consisted
1108 1160 1156 1200 of
1180 1161 1281 1201 nine
1312 1161 1511 1210 councils,
1534 1160 1627 1200 that
1658 1160 1693 1199 is
1720 1164 1765 1199 to
1796 1172 1882 1211 say,

430 1304 506 1331 sect.
531 1300 690 1338 Primum,
717 1300 812 1341 [tom.
826 1301 844 1330 i.
863 1302 921 1332 col.
939 1301 1007 1342 39.]
1056 1303 1125 1332 Pri-

430 1353 533 1380 mum,
552 1343 660 1383 igitur,
671 1344 729 1373 hos
746 1344 842 1373 libros
858 1355 922 1374 una
939 1355 1012 1374 cum
1030 1350 1125 1375 caete-

431 1385 475 1415 ris
490 1386 524 1415 in
540 1396 659 1416 canone
682 1391 807 1425 ponunt
822 1387 957 1417 concilia
973 1388 1123 1427 Carthag.

432 1428 501 1459 III.
517 1438 588 1458 can.
614 1430 665 1465 47,
690 1429 775 1458 Trid.
802 1430 884 1459 Sess.
901 1430 942 1460 iv.
962 1430 1024 1469 (et)
1043 1430 1126 1460 Pon-

432 1471 510 1500 tifex
535 1471 747 1501 Innocentius
766 1472 790 1501 I.
809 1472 840 1501 in
861 1472 921 1512 Ep.
939 1473 978 1502 ad
994 1473 1126 1513 Exupe-

429 1513 525 1542 rium.
527 1513 726 1543 —Similiter
755 1513 884 1550 Perron,
912 1514 1073 1554 [Repliq.,
1098 1526 1129 1555 p

429 1555 502 1584 410.
505 1555 581 1584 —Il
597 1561 707 1595 appert
728 1566 767 1586 en
783 1556 964 1596 cinquieme
981 1557 1055 1594 lien,
1072 1568 1129 1597 par

430 1597 461 1626 le
478 1598 600 1636 catalog
583 1608 643 1627 ⁰ne
661 1599 715 1627 des
739 1599 833 1628 livres
856 1600 1049 1639 canoniques
1067 1611 1128 1640 que

430 1639 461 1669 Ie
485 1640 571 1679 Pape
596 1640 752 1671 Innocent
775 1642 919 1680 premier,
945 1648 1129 1682 contempo-

430 1682 498 1711 rain
516 1683 553 1712 de
571 1682 661 1712 Saint
677 1683 850 1722 Augustin‚
867 1687 986 1736 envoye
1003 1688 1020 1713 a
1039 1685 1130 1715 Exn-

432 1725 539 1763 perius
558 1725 693 1764 Eveque
710 1726 747 1755 de
763 1726 911 1761 Tholose,
928 1737 967 1755 ou
986 1728 1031 1756 les
1048 1728 1131 1757 deux

432 1767 527 1796 livres
538 1767 592 1796 des
602 1767 792 1798 Maccabeos
809 1773 880 1798 sont
892 1771 1131 1808 expressement

432 1809 615 1849 contenus.]
660 1811 777 1847 Canus,
801 1810 888 1848 [Vid.
912 1811 987 1841 Loc.
1004 1812 1126 1849 Theol.,

432 1851 488 1881 lib.
514 1852 546 1883 ii.
575 1862 642 1892 cap.
673 1854 719 1882 ll.
749 1856 763 1891 ᾗ
792 1854 843 1883 Ad
867 1854 951 1884 Test.
977 1865 1007 1893 p.
1033 1855 1128 1885 69.—

433 1894 518 1924 Cum
535 1895 707 1924 concilium
719 1895 980 1934 Carthaginense,
996 1897 1125 1926 Floren-

432 1936 548 1974 tinum,
565 1937 802 1974 Tridentinum,
826 1938 1043 1975 Innocentius,
1061 1940 1125 1969 Ge-

432 1979 542 2016 lasius,
568 1990 603 2009 ac
627 1981 691 2009 fere
716 1981 834 2017 Sancti,
860 1982 915 2010 hos
938 1981 1033 2011 libros
1058 1987 1127 2011 tan-

432 2032 530 2061 quam
547 2032 652 2052 sacros
666 2023 821 2053 Ecclesiae
837 2028 864 2053 tr
867 2024 973 2053 ad1de1
977 2029 1034 2053 unt
1039 2035 1126 2064 ,pro-

432 2065 513 2094 fecto
541 2065 566 2094 si
590 2065 611 2094 ii
638 2075 701 2095 non
723 2070 837 2102 essent,
862 2067 1130 2106 perniciosissime

432 2107 625 2137 falleremur.
631 2107 644 2147 ]
698 2108 855 2144 Becanus‚
883 2108 971 2148 [Vid.
996 2109 1130 2140 Martini

434 2149 553 2179 Becani
570 2150 713 2180 Manual.
729 2151 890 2188 Controv„
906 2151 959 2181 lib.
977 2152 996 2182 i.
1014 2162 1081 2192 cap.
1102 2153 1127 2182 1.

432 2202 464 2231 q.
485 2193 509 2221 1.
526 2203 554 2231 p.
569 2194 596 2221 2.
600 2192 794 2232 —Denique
810 2194 921 2223 Patres
938 2194 1035 2233 hujus
1051 2205 1126 2224 eon-

432 2234 499 2263 cilii
516 2234 682 2273 (Carthag.
689 2234 700 2272 )
718 2236 756 2264 ab
772 2236 961 2266 Innocentio
978 2237 1004 2266 I.
1024 2237 1127 2276 Epist.

432 2275 476 2305 iii.
506 2276 545 2305 ad
569 2276 782 2316 Exuperinm,
811 2288 877 2317 cap.
906 2279 931 2310 7.
958 2279 1128 2317 (canonem

433 2319 651 2356 acceperunt.)
686 2319 776 2349 Vixit
792 2325 897 2349 autem
917 2321 1125 2351 Innocentius

432 2370 505 2390 ann.
524 2360 644 2390 Christi
661 2361 733 2390 402.
780 2361 887 2400 Igitur
905 2364 943 2392 ab
966 2364 1021 2393 illo
1044 2368 1124 2393 tem-

433 2413 508 2442 pore
524 2402 694 2442 primitivae
713 2403 869 2433 Ecclesiae
885 2405 924 2434 ad
940 2416 997 2434 nos
1014 2416 1125 2445 usque,

433 2455 488 2484 per
510 2445 695 2475 continuam
719 2446 932 2483 traditionem,
950 2453 1128 2486 perseverat

432 2488 518 2517 idem
540 2488 596 2517 ille
621 2488 793 2527 Scripturae
818 2498 927 2525 canon,
946 2500 1040 2529 quem
1065 2491 1126 2520 Ca-

434 2530 544 2560 tholici
560 2540 646 2560 nunc
662 2535 808 2560 tenemus
826 2536 856 2561 et
873 2532 1125 2572 amplectimur]

435 2572 480 2602 Et
495 2572 549 2602 alii
562 2572 701 2612 plurimi.

478 2616 491 2630 Ε
517 2615 607 2644 Inter
622 2615 726 2655 Epist.
740 2615 770 2645 S.
783 2614 868 2655 Aug.
885 2615 973 2655 [Vid.
989 2617 1018 2646 S.
1034 2616 1129 2656 Aug„

434 2657 508 2696 Op.‚
532 2662 607 2686 tom.
624 2657 654 2688 ii.
680 2658 738 2687 col.
756 2659 829 2694 635,
856 2659 959 2698 Epist.
982 2660 1048 2689 181.
1072 2660 1129 2689 111-

432 2699 599 2729 nocentius
617 2700 765 2740 Carthag.
785 2701 882 2731 Cone.
901 2702 1057 2737 Patribus,
1071 2703 1128 2732 Sco.

433 2741 574 2778 ——Item‚
585 2742 644 2771 col.
659 2745 729 2772 638
742 2743 802 2783 Ep.
818 2745 894 2778 182;
912 2744 970 2774 001.
986 2745 1056 2774 641.
1068 2744 1127 2784 Ep.

437 2785 515 2818 183;
532 2789 561 2813 et
579 2794 641 2823 seq.
648 2784 660 2823 ]
686 2785 767 2814 Vide
783 2786 879 2815 etiam
891 2786 921 2816 S.
934 2786 1019 2826 Aug.
1030 2792 1127 2817 contr.

434 2826 555 2866 Pelag„
567 2826 643 2856 lib.'
635 2827 665 2856 11.
678 2838 744 2867 cap.
760 2829 787 2858 9.
818 2828 886 2867 [De
898 2834 1015 2868 peccat.
1029 2830 1128 2869 orig„

434 2873 510 2898 tom.
529 2879 558 2898 x.
578 2869 636 2898 col.
654 2869 893 2901 257.—Videtis
918 2876 1001 2902 certe
1024 2872 1056 2902 in
1079 2872 1129 2902 his

434 2911 550 2946 verbis,
574 2912 843 2949 quemadmodum
868 2914 956 2953 Papa
983 2915 1128 2944 beatissi—

434 2964 508 2983 mus
525 2953 733 2983 Innocentius
757 2965 818 2984 non
842 2961 995 2996 tanquam
1019 2958 1056 2987 de
1079 2958 1128 2987 in-

434 2996 562 3035 cognito
590 2996 677 3035 loqui
706 2997 859 3028 videatur.
876 2999 990 3030 —Vid.
1022 3000 1127 3037 etiam,

1186 1303 1239 1333 lib.
1256 1304 1275 1333 i.
1293 1314 1359 1343 cap.
1379 1305 1427 1333 30.
1445 1303 1522 1333 ibid.
1538 1303 1598 1332 col.
1616 1302 1706 1342 244]

1251 1345 1263 1366 f
1299 1346 1408 1376 Codex
1445 1346 1564 1376 Canon.
1604 1351 1635 1375 et
1672 1345 1883 1375 Decretorum

1188 1388 1345 1418 Ecclesiae
1378 1389 1554 1423 Romanae3
1588 1389 1660 1418 edit.
1690 1388 1885 1427 Moguntiae,

1187 1441 1269 1461 anno
1294 1432 1385 1462 1525.
1412 1430 1491 1470 [vid.
1515 1441 1546 1470 p.
1570 1430 1765 1469 352.—Cap.
1783 1431 1880 1460 xxvii.

1189 1474 1255 1505 Qui
1272 1474 1342 1503 libri
1368 1474 1400 1503 in
1425 1484 1544 1503 canone
1568 1473 1882 1513 recipiantur.—-Qui

1187 1526 1261 1546 vero
1276 1516 1349 1546 libri
1364 1516 1557 1556 recipiantur
1580 1516 1611 1545 in
1634 1526 1762 1552 canone,
1779 1515 1884 1545 brevis

1187 1559 1331 1589 adnexus
1347 1559 1491 1589 ostendit.
1532 1559 1613 1588 Haec
1629 1563 1705 1588 sunt
1721 1568 1794 1597 ergo
1811 1568 1882 1597 quae

1188 1602 1364 1631 desiderata
1380 1602 1500 1631 moneri
1514 1612 1589 1631 voce
1603 1601 1731 1630 voluisti
1744 1612 1750 1629 ε
1776 1601 1883 1640 Moysi

1187 1644 1260 1673 libri
1283 1645 1433 1683 quinque,
1450 1644 1482 1673 id
1499 1649 1556 1679 est,
1576 1643 1719 1679 Genesis,
1739 1643 1883 1680 Exodus,

1187 1686 1361 1722 Leviticus‚
1395 1686 1542 1722 Numeri,
1582 1685 1881 1722 Deutmonomium,

1186 1738 1309 1757 necnon
1334 1733 1363 1757 et
1388 1729 1467 1758 ι10811
1491 1729 1592 1764 Nave,
1611 1734 1640 1757 et
1662 1728 1829 1763 Judicum,
1852 1732 1882 1757 et

1187 1770 1373 1810 Regnorum
1404 1771 1477 1800 libri
1506 1771 1562 1806 iv.‚
1589 1770 1685 1799 simul
1718 1774 1749 1799 et
1780 1770 1881 1805 Ruth,

1187 1812 1418 1852 Prophetarum
1438 1813 1510 1842 libri
1525 1813 1598 1848 xvi„
1615 1812 1794 1842 Salomonis
1811 1812 1881 1841 libri

1186 1866 1226 1891 v.‚
1246 1856 1457 1885 Psalterium:
1478 1856 1568 1891 item,
1588 1855 1805 1891 historiarum,
1820 1855 1880 1884 Job

1186 1897 1265 1927 liber
1280 1909 1373 1933 unus,
1391 1898 1500 1928 Tobiae
1526 1908 1620 1931 unus,
1646 1897 1765 1926 Esther
1786 1907 1881 1934 unus,

1186 1941 1300 1970 Judith
1324 1951 1418 1976 unus,
1444 1941 1703 1970 Maecabaeornm
1727 1940 1799 1974 (1110,
1819 1940 1880 1969 Ε8-

1188 1983 1253 2012 drae
1278 1984 1349 2019 duo,
1377 1983 1641 2022 Paralipomenon
1668 1982 1741 2012 duo.
1787 1982 1881 2019 Item,

1188 2025 1273 2055 Novi
1297 2026 1393 2061 Test,
1418 2025 1592 2056 &c.—Vid.
1617 2025 1714 2054 etiam
1737 2025 1783 2055 ed.
1810 2025 1880 2055 Par.

1191 2069 1281 2098 1609.
1300 2079 1328 2107 p.
1347 2068 1420 2104 327,
1436 2072 1466 2097 et
1483 2067 1565 2107 seq.]

1230 2115 1242 2132 g
1274 2111 1517 2140 Leschasserius
1559 2110 1592 2139 in
1638 2109 1881 2139 consultatione

1189 2163 1258 2193 sup.
1277 2154 1476 2183 Controvers.
1493 2153 1575 2182 inter
1589 2152 1709 2191 Papam
1728 2152 1817 2181 Paul.
1832 2152 1885 2188 V.,

1188 2200 1219 2225 et
1249 2196 1363 2235 Remp.
1396 2196 1507 2225 Venet.
1540 2194 1605 2235 [ap.
1633 2195 1781 2224 Goldasti
1807 2194 1880 2223 Mo-

1187 2239 1307 2276 narch„
1324 2244 1399 2268 tom.
1418 2238 1460 2268 iii.
1481 2249 1510 2278 p.
1528 2237 1677 2267 44·0.—A
1700 2236 1882 2266 ,Iustiniano

1187 2285 1307 2317 antem,
1324 2286 1395 2320 post
1411 2291 1520 2310 omnes
1536 2281 1591 2319 qui
1612 2290 1687 2309 eum
1703 2284 1880 2309 antecesse-

1187 2328 1262 2353 runt
1287 2324 1461 2353 Christiani
1487 2323 1710 2363 Imperatores,
1733 2322 1882 2362 probatus

1186 2371 1234 2395 est
1250 2373 1279 2395 et
1295 2367 1501 2396 confirmatus
1518 2366 1617 2395 codex
1640 2375 1799 2395 canonum
1816 2364 1879 2393 Ec-

1186 2408 1291 2437 clesiae
1306 2409 1490 2444 Catholicae,
1504 2408 1559 2447 qui
1573 2409 1717 2439 omnium
1734 2406 1883 2436 manibus

1187 2451 1361 2485 tenebatur,
1385 2455 1416 2480 et
1439 2451 1617 2479 secundnm
1640 2461 1733 2490 quem
1763 2449 1882 2489 Synodi

1187 2492 1383 2522 universales
1399 2493 1477 2532 ipsae
1489 2493 1527 2521 de
1541 2493 1760 2523 controversiis
1778 2492 1878 2521 eccle-

1189 2534 1325 2563 siasticis
1349 2534 1522 2563 sententias
1552 2535 1703 2564 ferebant.
1722 2557 1729 2564 .
1746 2556 1752 2563 .
1771 2556 1777 2563 .
1797 2534 1880 2563 Cum

1189 2576 1259 2606 haec
1275 2576 1318 2606 ita
1334 2577 1406 2611 sint,
1422 2576 1604 2606 innovanda
1625 2577 1705 2606 mihi
1722 2580 1769 2605 est
1785 2579 1815 2604 et
1830 2576 1879 2604 in-

1190 2619 1361 2648 stauranda
1390 2618 1506 2647 codicis
1537 2629 1696 2648 canonum
1724 2617 1879 2647 Ecclesiae

1188 2661 1360 2700 primitivae
1371 2661 1540 2695 memoria;
1559 2661 1732 2700 &c.]—Ac
1749 2661 1781 2689 in
1798 2665 1880 2689 trac-

1189 2708 1257 2733 tatu
1274 2704 1312 2733 de
1335 2703 1534 2732 libertatibus
1552 2703 1640 2733 Eccl.
1661 2703 1778 2733 Gallie.
1799 2702 1881 2741 [vid.

1188 2746 1296 2775 Jacob.
1311 2746 1525 2775 Leschasserii
1536 2746 1670 2775 Tractat.
1684 2746 1721 2775 de
1737 2746 1882 2775 libertate

1188 2788 1321 2828 antiqua
1344 2792 1375 2817 et
1400 2788 1552 2818 canonica
1574 2789 1663 2819 Eccl.
1691 2788 1879 2826 Gallicanae,

1188 2831 1227 2860 ad
1265 2841 1428 2870 supremas
1468 2831 1613 2860 Franciae
1651 2831 1775 2866 cnrias;
1831 2842 1879 2871 ap.

1189 2873 1309 2903 Melch.
1330 2873 1476 2902 Goldasti
1502 2874 1657 2903 Menai-ch
1673 2896 1679 2909 ‚
1697 2878 1771 2903 tom.
1789 2873 1832 2904 iii.
1850 2884 1881 2913 p.

1189 2915 1455 2947 278.—-Ecclesia
1471 2916 1639 2945 Gallicana
1649 2917 1773 2946 duobus
1784 2916 1879 2945 Codi-

1189 2959 1278 2987 eibus
1290 2958 1385 2987 simul
1399 2968 1457 2987 usa
1473 2963 1527 2988 est.
1556 2959 1646 2988 Prior
1662 2964 1709 2988 est
1722 2959 1829 2988 Codex
1843 2959 1882 2994 is,

1189 3001 1362 3031 seeundum
1380 3011 1473 3040 quem
1484 3000 1630 3031 Ecclesia
1644 3004 1787 3031 Universa
1805 3011 1878 3030 con—
