1987 3244
344 238 385 279 Xl
646 251 704 278 AN
726 251 927 279 ADDITION
949 251 999 279 OF
1022 251 1200 279 CERTAIN
1220 251 1507 279 TESTIMONIES.

342 344 390 385 in
411 344 572 386 caeteris
600 345 757 386 nostris
786 346 1022 396 sententiis,
1045 345 1079 386 si
1105 345 1251 386 dextre
1277 345 1328 386 de
1350 360 1399 386 ea
1418 344 1650 399 judicetur.
1710 342 1805 382 Etsi

343 418 460 459 enim
481 418 562 473 ipsi
583 418 807 472 scriptores
828 433 937 473 saepe
962 419 1252 472 negligentius
1276 420 1524 472 loquuntur,
1547 422 1590 458 et
1611 415 1805 470 quaedam

342 492 505 546 privata
532 493 724 547 exempla
751 493 926 546 reperiri
955 497 1147 547 possunt,
1176 507 1267 546 quae
1294 492 1450 534 nostris
1477 491 1631 532 ritibus
1660 489 1804 530 adver-

345 570 507 617 santur,
525 570 671 607 tamen
693 579 784 606 mos
807 564 1008 606 Ecclesiae
1028 565 1223 619 publicus
1244 566 1331 606 fere
1353 565 1548 606 convenit
1569 563 1804 605 nobiscum.

347 671 493 681 .....
517 639 734 680 Paulatim
763 639 893 679 etiam
920 639 987 680 hae
1018 639 1341 692 superstitiones
1371 637 1803 692 irrepserunt.—-See,

342 714 442 763 also,
466 713 646 766 Apolog.
670 713 854 753 Protest.
876 717 978 754 tom.
1003 712 1045 752 ii.
1069 727 1109 766 p.
1135 712 1516 754 782.—-Sentimus
1537 711 1665 752 etiam
1694 711 1805 750 hanc

342 787 478 841 ipsam
510 787 761 836 doctrinam,
794 801 888 840 quae
917 786 963 827 in
994 787 1194 827 Ecclesiis
1225 786 1381 827 nostris
1412 785 1677 839 proponitur,
1708 797 1805 824 vere

343 874 432 901 esse
454 860 712 900 seutentiam
735 860 990 913 scriptorum
1007 859 1359 913 Propheticorum
1382 863 1424 900 et
1445 858 1803 913 Apostolicorum,

344 933 396 973 de
432 947 515 987 qua
549 933 848 987 Symbolorum
886 938 927 975 et
961 934 1238 987 probatorum
1272 933 1525 987 scriptorum
1557 931 1804 974 testimonia

345 1007 525 1061 extant]

399 1153 508 1187 Mart.
526 1153 712 1195 Ohemnit„
729 1154 751 1188 i.
770 1159 867 1198 parte
886 1153 1012 1188 Exam.
1031 1155 1140 1188 Cone.
1157 1154 1263 1194 Trid„
1281 1154 1323 1187 de
1341 1153 1584 1195 Traditionib.,
1604 1151 1682 1198 [pp.
1700 1155 1757 1192 64,

803 1214 860 1253 67,
874 1215 914 1245 '71
932 1225 940 1253 3
968 1212 1021 1245 ed.
1042 1211 1201 1246 Francos.
1224 1211 1344 1256 1596.]

407 1303 452 1358 [ξ
474 1302 666 1344 Tertium
698 1303 867 1356 genus]
914 1303 1102 1357 Simplex
1133 1303 1299 1354 veritas,
1331 1303 1510 1343 firmiter
1540 1302 1731 1353 fundata,
1760 1306 1803 1343 et

343 1376 423 1418 sibi
451 1377 560 1417 bene
581 1376 761 1427 conscia,
783 1390 862 1418 nec
892 1376 1140 1418 reformidat
1172 1391 1251 1418 nec
1283 1376 1541 1429 subterfugit
1565 1390 1662 1417 vera
1692 1375 1803 1417 anti-

345 1450 518 1504 quitatis
539 1449 799 1491 testimonia.

407 1524 450 1579 [Q
475 1523 690 1566 Quartum
712 1524 880 1578 genus]
919 1524 1103 1565 Nullum
1135 1528 1198 1565 est
1227 1524 1420 1575 dubium,
1443 1523 1700 1579 primitivam
1721 1524 1800 1563 Ee-

343 1597 513 1638 clesiam
536 1597 745 1651 accepisse
777 1597 829 1637 ab
855 1597 1084 1651 ApostoliS,
1102 1602 1144 1638 et
1176 1597 1273 1638 viris
1294 1597 1564 1651 Apostolicis‚
1586 1612 1675 1637 non
1705 1601 1799 1637 tan-

342 1675 437 1711 tum
483 1671 679 1720 Textum,
727 1670 822 1724 [sic]
833 1674 881 1710 ut
921 1670 1148 1723 loquimur,
1194 1670 1437 1724 Scripturae,
1478 1684 1625 1710 verum
1670 1670 1799 1710 etiam

342 1744 579 1798 legitimam
601 1748 643 1784 et
664 1743 851 1784 nativam
873 1743 963 1797 ejus
985 1743 1396 1797 interpretationem.

409 1818 452 1873 [ᾧ
483 1818 659 1858 Sextum
688 1816 859 1873 genus]
905 1818 1109 1858 Fatemur
1141 1832 1218 1858 nos
1254 1817 1306 1857 ab
1342 1817 1424 1857 illis
1460 1816 1696 1866 dissentire,
1729 1817 1801 1869 qui

343 1892 515 1945 fingunt
543 1891 774 1945 opiniones,
804 1905 898 1944 quae
922 1891 1042 1931 nulla
1071 1890 1232 1931 habent
1260 1890 1505 1931 testimonia
1535 1890 1661 1931 ullius
1693 1895 1799 1931 tem-

345 1965 458 2018 poris
490 1965 536 2004 in
566 1963 756 2005 Ecclesia
760 1995 929 2005 .....
959 1963 1177 2004 Sentimus
1214 1963 1343 2004 etiam
1371 1964 1539 2004 nullum
1570 1964 1724 2017 dogma
1753 1963 1800 2003 in

345 2037 535 2078 Ecclesia
562 2052 732 2088 novum,
755 2042 798 2078 et
828 2051 925 2078 cum
956 2041 1047 2078 tota
1078 2037 1334 2091 antiquitate
1362 2051 1572 2091 pugnans,
1595 2037 1798 2090 recipien-

349 2106 376 2157 ἃ
381 2133 407 2157 U
410 2133 450 2157 ln
454 2138 465 2157 ⁸.
