1987 3244
559 237 625 274 tlte
651 236 788 274 Canon
809 233 858 285 os
872 235 937 273 tlte
960 234 1204 285 Scriptures.
1529 237 1607 275 189

151 340 262 380 their
284 340 433 380 Canon
455 339 555 379 Law
567 345 594 379 a.
658 338 700 378 It
723 353 804 378 was
837 353 861 378 a
884 338 1063 378 Council
1093 338 1188 378 that
1220 338 1432 378 consisted
1454 340 1500 379 of
1525 344 1607 380 two

151 408 350 448 hundred
372 407 455 447 and
486 410 660 459 twenty·
670 420 795 446 seven
817 406 1001 459 bishops,
1023 405 1130 455 who,
1153 405 1262 446 after
1293 406 1366 445 the
1387 406 1605 459 Emperor,

151 475 207 514 all
238 474 483 515 subscribed
510 474 545 513 it
561 490 572 523 3
605 472 690 513 and
716 473 762 513 in
793 473 904 513 their
940 473 1096 513 second
1128 487 1267 513 canon
1297 473 1400 526 they
1433 475 1610 514 confirm

155 542 327 595 (among
357 542 514 594 others)
540 541 614 581 the
645 541 812 581 council
841 541 886 581 of
913 539 1161 590 Laodiceab,
1183 540 1382 593 together
1402 541 1505 581 with
1535 543 1610 582 the

151 610 370 650 canonical
404 610 574 663 epistles
610 609 657 649 of
692 608 969 657 Athanasius,
1005 608 1198 661 Gregory
1232 607 1493 658 Nazianzen,
1527 609 1611 649 and

151 677 489 730 Amphilochius,
526 676 684 730 (before
718 676 859 729 cited,)
894 675 1032 716 which
1067 675 1251 716 number
1280 676 1354 715 the
1391 675 1612 716 canonical

151 744 284 785 books
306 745 353 786 of
381 745 598 798 Scripture
629 745 741 798 only,
766 759 810 784 as
838 757 899 783 we
931 743 997 793 do,
1021 743 1105 783 and
1137 743 1312 784 exclude
1340 743 1414 783 the
1443 748 1543 793 rest,
1567 758 1611 784 as

152 816 228 852 not
258 813 453 865 properly
482 812 715 865 belonging
745 816 790 851 to
821 811 954 851 them.
1017 811 1173 860 When,
1205 811 1433 861 therefore,
1461 811 1508 851 in
1538 812 1611 851 the

153 893 267 919 same
289 893 425 919 canon
447 879 549 932 they
566 879 686 918 allow
703 879 789 918 also
811 879 884 918 the
906 879 1073 919 council
1093 879 1140 919 of
1155 878 1381 932 Carthage,
1398 879 1432 919 it
1455 883 1612 919 cannot

151 943 204 984 be
225 945 319 984 that
341 944 452 984 their
473 944 676 996 meaning
699 959 779 984 was
813 944 1022 999 instantly
1043 950 1089 986 to
1110 946 1237 986 recall
1262 947 1347 986 and
1375 946 1612 987 contradict

150 1013 416 1062 themselves,
455 1013 514 1065 (as
547 1013 620 1053 the
652 1013 738 1052 late
772 1014 940 1053 Roman
980 1014 1154 1064 writers,
1189 1014 1245 1068 by
1281 1014 1467 1069 alleging
1501 1014 1613 1053 their

152 1080 367 1133 authority
388 1080 535 1120 herein
564 1080 730 1133 against
758 1095 821 1130 us,
845 1081 984 1121 would
1015 1081 1184 1122 enforce
1208 1082 1326 1121 them
1351 1086 1397 1121 to
1425 1081 1508 1133 do,)
1534 1081 1612 1121 but

151 1146 246 1187 that
274 1147 375 1200 they
396 1147 658 1188 understood
680 1148 753 1188 the
775 1149 1017 1189 Laodicean
1048 1149 1214 1189 council
1243 1153 1288 1189 to
1319 1148 1371 1189 be
1402 1149 1534 1189 taken
1564 1149 1610 1188 in

152 1229 233 1256 one
260 1230 394 1265 sense,
418 1217 502 1257 and
526 1217 599 1257 the
621 1218 788 1258 council
809 1218 855 1258 of
878 1218 1092 1271 Carthage
1121 1218 1166 1257 in
1189 1217 1520 1267 another,—tlzis
1541 1231 1610 1257 ex-

196 1336 209 1350 Β
233 1332 280 1362 Ut
306 1338 393 1372 patet
417 1333 450 1362 in
479 1333 608 1373 Syn0d.‚
640 1345 712 1373 qnae
737 1335 854 1364 dicitnr

152 1375 246 1411 VII„
259 1385 328 1404 can.
345 1377 371 1405 1.
389 1375 506 1414 [Cone.
522 1376 647 1407 Nicaen.
663 1377 722 1413 II„
735 1378 853 1413 Labbe,

155 1425 230 1448 tom.
242 1418 295 1447 vii.
313 1418 370 1448 col.
387 1418 626 1448 596.-τούτων
643 1419 738 1449 οὕτως
756 1419 855 1449 ὄντων

155 1460 204 1490 καὶ
221 1460 509 1499 διαμαρτυρομένων
524 1460 608 1497 ἡμῖν,
620 1461 854 1499 ἀγαλλιώμενοι

157 1503 203 1532 ἐπ’
224 1503 338 1539 αὐτοῖς,
355 1504 394 1534 ὡς
411 1503 487 1533 εἴτις
512 1504 592 1543 εὕροι
615 1505 719 1534 σκῦλα
735 1505 853 1541 πολλὰ,

157 1544 318 1575 ἀσπασίως
334 1545 408 1576 τοὺς
424 1544 532 1576 Θείους
548 1545 679 1576 κανόνας
694 1548 852 1586 ε’νστερνι-

155 1586 279 1625 ζόμεθα,
308 1587 358 1617 καὶ
381 1587 559 1625 ὁλόκληρον
579 1588 639 1625 τὴν
662 1589 764 1618 αὐτῶν
787 1591 850 1619 δια-

153 1629 257 1667 ταγὴν
281 1630 332 1660 καὶ
357 1628 536 1660 ἀσάλευτον
560 1629 762 1670 κρατύνομεν,
790 1633 853 1661 τῶν

155 1671 346 1702 ἐκτεθέντων
363 1672 420 1702 ὑπὸ
436 1674 499 1702 τῶν
515 1671 612 1711 ἇγίων
634 1673 686 1703 καὶ
709 1673 850 1709 οἷκουμε-

154 1716 246 1744 νικῶν
261 1716 398 1744 συνόδων
414 1715 464 1744 καὶ
477 1714 667 1754 σαλπίγγων
683 1717 740 1746 τοῦ
752 1715 851 1745 Πνεύ-

153 1769 253 1794 ματος
275 1758 484 1796 πανευφήμων
498 1756 716 1793 Ἀποστόλων,
731 1760 794 1788 τῶν
816 1771 854 1788 τε

156 1798 187 1838 ἓξ
212 1798 308 1836 ἁγίων
331 1799 382 1829 καὶ
406 1799 623 1837 οἷκουμενικῶν
639 1799 785 1837 συνόδων,
803 1801 854 1831 καὶ

154 1843 218 1872 τῶν
239 1844 374 1872 τοπικῶς
398 1843 678 1882 συναθροισθείσων
703 1845 752 1873 ἐπὶ
769 1843 856 1873 ἐκδό-

155 1895 204 1914 σει
227 1886 380 1914 τοιούτων
403 1884 577 1923 δογμάτων,
596 1885 646 1916 καὶ
669 1888 731 1916 τῶν
760 1883 857 1922 ἁγίων

154 1925 296 1966 πατέρων
312 1926 423 1966 ἡμῶν.]
473 1928 518 1957 Et
533 1928 605 1957 Act.
625 1931 652 1964 3,
668 1931 698 1964 4,
716 1929 744 1957 6.
764 1927 856 1966 [Vid.

156 1969 277 2005 Labbe,
302 1974 377 1999 tom.
402 1970 454 1999 vii.
480 1970 551 1999 coll.
580 1971 650 2005 153,
677 1972 748 2006 195,
764 1970 853 2009 389]

157 2011 251 2047 Item,
269 2012 301 2041 in
331 2012 561 2041 Nomocanone
586 2013 702 2049 Photii,
726 2013 854 2051 passim.

160 2053 248 2093 [Vid.
274 2054 404 2083 Justelli
429 2054 524 2090 Bibl.‚
549 2059 625 2084 tom.
650 2055 682 2084 ii.
705 2065 734 2094 p.
763 2054 853 2094 789.]

157 2097 206 2125 Ae
224 2097 308 2135 apud
323 2096 560 2131 Balsamonem,
578 2096 659 2135 [not.
676 2098 714 2126 ad
731 2098 853 2135 praefat.

157 2149 225 2168 can.
236 2139 348 2174 Trull.‚
361 2139 628 2178 pp.358‚—360.]
641 2143 672 2168 et
684 2139 854 2175 Zonaram,

156 2181 188 2210 in
206 2191 342 2210 canones
366 2181 549 2218 Trullanos,
567 2181 650 2220 [not.
667 2182 706 2211 ad
721 2182 855 2221 praefat.,

157 2234 186 2263 p.
208 2223 294 2263 128.]

202 2263 218 2286 b
244 2266 340 2295 Cone.
372 2265 430 2295 VI.
460 2266 492 2295 in
523 2266 646 2302 Trullo,
678 2276 746 2295 can.
782 2267 856 2296 2.—

158 2308 376 2347 Obsignainus
421 2308 516 2338 etiam
561 2309 701 2348 reliquos
745 2319 855 2338 omncs

158 2361 304 2386 canones,
328 2351 382 2389 qui
406 2360 423 2379 a
448 2351 567 2380 sanctis
597 2356 627 2380 et
658 2351 757 2380 beatis
780 2362 854 2380 nos-

158 2393 214 2422 tris
244 2392 394 2422 Patribus
418 2393 553 2432 expositi
585 2398 669 2428 sunt,
695 2394 727 2422 id
757 2398 812 2429 est,
839 2404 857 2423 a

160 2435 371 2464 CCCXVIII
389 2435 507 2465 sanctis
524 2440 554 2465 et
571 2436 688 2465 divinis
704 2436 853 2465 Patribus

158 2477 213 2516 qui
229 2477 338 2507 Niceae
357 2483 581 2513 convenerunt,
596 2478 697 2517 iisque
715 2479 769 2518 qui
783 2479 852 2507 An-

158 2529 252 2558 cyrae,
263 2520 491 2555 Neocaesareae,
503 2521 651 2559 Gangris,
659 2521 854 2557 Antiochiae,

157 2567 253 2601 atque
268 2562 307 2591 iis
324 2563 418 2592 etiam
445 2563 500 2602 qui
524 2563 556 2592 in
575 2563 734 2593 Laodicea
753 2563 853 2602 Phry-

157 2604 237 2643 giae;
260 2610 412 2644 praeterea
433 2609 552 2641 autem,
564 2605 620 2635 Sec.
633 2628 639 2635 .
657 2628 664 2635 .
682 2629 689 2636 .
703 2606 857 2635 Similiter

157 2651 188 2676 et
201 2647 238 2676 iis
251 2647 305 2686 qui
315 2647 520 2685 Carthagine,
533 2648 590 2677 διο.
603 2670 610 2677 .
624 2670 630 2676 .
644 2671 650 2677 .
667 2648 856 2679 Quinetiam

158 2698 294 2719 canones
322 2689 472 2729 Dionysii
507 2690 611 2725 Alex„
639 2690 737 2729 Greg.
769 2690 856 2719 Neo-

159 2740 278 2767 caesar.‚
297 2732 477 2767 Athanasii,
503 2732 626 2768 Basilii,
647 2732 743 2771 Greg.
763 2732 858 2770 Nys.,

160 2772 256 2810 Greg.
270 2773 437 2810 Nazianz„
452 2775 683 2814 Amphilochii,
696 2776 752 2804 &c.
767 2773 857 2813 [Vid.

161 2814 280 2851 Labbe‚
304 2820 378 2845 tom.
405 2817 444 2845 vi.
478 2817 536 2846 col.
564 2817 857 2855 illd—&morawa-

162 2855 292 2894 ’γίζομεν
322 2856 354 2887 δὲ
385 2858 435 2887 καὶ
465 2857 539 2889 τοὺς
573 2858 702 2889 λοιποὺς
740 2856 860 2888 πάντας

162 2897 260 2935 ἱεροὺς
284 2898 414 2930 κανόνας
437 2899 510 2931 τοὺς
534 2900 591 2930 ὑπὸ
614 2903 677 2930 τῶν
698 2899 795 2937 ἁγίων
809 2900 859 2930 καὶ

161 2940 317 2979 μακαρίων
328 2940 470 2981 πατέρων
482 2942 567 2978 ἡμῶν
581 2942 777 2977 εκτεθέντας,
789 2954 857 2971 του-

163 2981 264 3018 τέστι,
287 2984 349 3013 τῶν
371 2995 406 3013 τε
431 2984 464 3013 ἐν
486 2983 599 3024 Νικαίᾳ
623 2983 858 3023 συναθροισΟέν-

915 1347 979 1365 των
993 1333 1065 1371 τιη’.
1086 1334 1242 1374 θεοφόρων
1265 1333 1361 1373 ἁγίων
1384 1333 1535 1374 πατέρων·
1561 1334 1612 1364 καὶ

912 1380 976 1408 τῶν
1005 1379 1038 1407 ἐν
1067 1376 1216 1417 Ἀγκύρᾳ“
1251 1376 1297 1407 ἔτι
1326 1377 1388 1414 μὴν
1412 1377 1462 1407 καὶ
1485 1379 1548 1406 τῶν
1580 1378 1613 1406 ἐν

914 1419 1150 1459 Νεοκαισαρείᾳ·
1175 1419 1321 1449 ὡσαύτως
1338 1419 1387 1449 καὶ
1404 1421 1466 1449 τῶν
1484 1420 1516 1449 ἐν
1529 1418 1611 1457 Γάγ-

913 1473 1012 1502 γραις,
1029 1462 1104 1501 πρὸς
1121 1461 1152 1492 δὲ
1168 1462 1218 1492 καὶ
1237 1464 1295 1491 τῶν
1312 1462 1345 1491 ἐν
1360 1460 1540 1501 Ἀντιοχείᾳ
1556 1463 1613 1497 τῆς

913 1503 1035 1544 Συρίας·
1059 1504 1145 1534 ἀλλὰ
1167 1504 1229 1543 μὴν
1252 1504 1380 1534 καὶτῶν
1397 1505 1429 1534 ἐν
1444 1503 1613 1543 Λαοδικαίᾳ.

912 1549 973 1583 τῆς
995 1546 1139 1586 Φρυγίας·
1163 1545 1292 1586 προσέτι
1316 1546 1366 1576 καὶ
1389 1548 1453 1576 τῶν
1472 1544 1526 1584 ρν’.
1551 1548 1614 1576 τῶν

913 1590 946 1619 ἐν
969 1588 1069 1629 ταύτῃ
1097 1591 1138 1630 τῇ
1160 1587 1366 1628 θεοφυλάκτῳ
1393 1588 1444 1618 καὶ
1471 1587 1613 1622 βασιλίδι

913 1631 1130 1662 συνελθόντων
1152 1631 1256 1661 πόλει·
1290 1631 1340 1661 καὶ
1364 1633 1427 1660 τῶν
1448 1630 1614 1660 διακοσίων

911 1676 975 1704 τῶν
991 1675 1024 1704 ἐν
1038 1676 1080 1714 τῇ
1095 1673 1251 1712 Ἐφεσίων
1272 1672 1468 1713 μητροπόλει
1484 1673 1521 1703 τὸ
1537 1673 1613 1713 πρό-

912 1728 1004 1755 τερον
1019 1716 1312 1756 συναγηγερμένων·
1335 1716 1386 1746 καὶ
1401 1718 1464 1746 τῶν
1481 1717 1514 1745 ἐν
1526 1720 1611 1745 Καλ-

913 1758 1024 1797 χηδόνι
1051 1758 1221 1797 ἑξακοσίων
1243 1757 1413 1798 τριάκοντα
1438 1756 1536 1796 ἁγίων
1563 1758 1613 1788 καὶ

913 1800 1070 1841 μακαρίων
1092 1800 1244 1839 πατέρων·
1267 1800 1414 1832 ὡσαύτως
1438 1800 1470 1831 δὲ
1494 1802 1556 1830 τῶν
1581 1802 1615 1830 ἐν

915 1846 1061 1884 Σαρδικῇ·
1085 1844 1131 1874 ἔτι
1146 1844 1208 1882 μὴν
1224 1843 1274 1874 καὶ
1291 1845 1353 1873 τῶν
1370 1845 1403 1873 ἐν
1419 1842 1614 1883 Καρθαγένῃ·

914 1885 1045 1926 προσέτι
1068 1897 1106 1924 γε
1130 1886 1192 1923 μὴν
1215 1886 1264 1916 καὶ
1288 1888 1352 1915 τῶν
1366 1885 1450 1916 αὖθις
1466 1887 1500 1915 ἐν
1514 1885 1612 1925 ταύτῃ

914 1931 954 1968 τῇ
979 1927 1184 1967 θεοφυλάκτῳ
1208 1928 1258 1958 καὶ
1283 1926 1426 1962 βασιλίδι
1448 1926 1540 1957 πόλει
1556 1938 1611 1957 συ-

916 1969 1092 2000 νελθόντων
1109 1971 1158 2000 ἐπὶ
1175 1969 1351 2009 Νεκταρίου
1372 1970 1430 1999 τοῦ
1444 1971 1501 2005 τῆς
1518 1972 1612 2003 βασι-

915 2012 1001 2043 λίδος
1011 2011 1129 2048 ταύτης
1142 2011 1302 2051 προεδρου
1317 2012 1367 2042 καὶ
1382 2010 1541 2049 Θεοφίλου
1556 2013 1614 2041 τοῦ

914 2054 1084 2093 γενομένου
1099 2055 1333 2094 Ἀλεξανδρείας
1353 2052 1612 2093 ἀρχιεπισκόπου·

914 2097 1000 2127 ἀλλὰ
1025 2097 1087 2135 μην
1114 2097 1164 2126 καὶ
1189 2097 1247 2126 τοῦ
1274 2095 1442 2126 Διονυσίου
1468 2096 1610 2135 ἀρχιεπι-

915 2139 1035 2170 σκόπου
1051 2138 1222 2177 γενομένου
1237 2140 1294 2175 τῆς
1308 2139 1542 2177 Ἀλεξανδρείας
1561 2138 1612 2168 καὶ

914 2181 1079 2221 μάρτυρος”
1104 2180 1272 2220 Γρηγορίου
1290 2179 1462 2211 ἐπισκόπου
1477 2180 1609 2219 γενομέ-

914 2236 968 2254 νου
1001 2222 1243 2262 Νεοκαισαρείας
1280 2225 1337 2253 τοῦ
1367 2224 1610 2262 θαυματουργοῦ’

913 2265 1099 2296 Ἀθανασίου
1110 2265 1358 2305 ἇρχιεπισκόπου
1367 2264 1612 2305 Ἀλεξανδρείας·

914 2308 1081 2339 Βασιλείου
1123 2307 1374 2348 ἀρχιεπισκόπου
1426 2306 1613 2347 Καισαρείας

916 2350 1149 2381 Καππαδοκίας·
1210 2349 1378 2390 Γρηγορίου
1440 2349 1613 2380 ἐπισκόπου

912 2392 1058 2429 ’Νύσσης·
1119 2392 1289 2433 Γρηγορίου
1332 2393 1391 2422 τοῦ
1447 2395 1612 2430 θεολόγου·

911 2434 1126 2475 Ἀμφιλοχίου
1154 2436 1296 2466 Ἰκονίου·
1329 2435 1478 2472 Τιμοθέου
1503 2434 1611 2473 ἀρχιε-

912 2477 1069 2508 πισκόπου
1094 2477 1266 2516 γενομένου
1287 2475 1532 2516 Ἀλεξανδρείας·
1555 2477 1613 2506 τοῦ

913 2519 1065 2560 προτέρου
1089 2520 1248 2559 Θεοφίλου
1277 2518 1527 2559 ἀρχιεπισκόπου
1556 2520 1613 2555 τῆς

915 2564 1011 2599 αὐτῆς
1027 2562 1261 2602 Ἀλεξανδρείας
1274 2560 1532 2600 μεγαλοπόλεως·
1550 2565 1613 2591 Κυ-

914 2607 1026 2645 ρίλλου
1043 2604 1292 2645 ἆρχιεπισκόπου
1318 2606 1375 2640 τῆς
1399 2604 1495 2638 αὐτῆς
1518 2604 1610 2633 Ἀλε-

916 2647 1084 2687 ξανδρείας·
1118 2646 1281 2677 Γενναδίου
1302 2645 1497 2686 πατριάρχου
1519 2657 1610 2684 γενο-

915 2689 1010 2728 μένου
1024 2691 1082 2726 τῆς
1097 2687 1317 2728 θεοφυλοίκτου
1336 2687 1456 2724 ταύτης
1477 2688 1527 2718 καὶ
1552 2691 1611 2722 βα-

917 2731 1036 2762 σιλίδος
1061 2730 1194 2762 πόλεως·
1230 2731 1277 2761 ἔτι
1305 2731 1366 2768 μὴν
1393 2731 1442 2761 καὶ
1468 2732 1530 2760 τῶν
1556 2730 1612 2759 ὑπὸ

920 2775 1093 2813 Κυπριανοῦ
1109 2775 1166 2804 τοῦ
1181 2773 1352 2812 γενομένου
1365 2771 1613 2812 ἀρχιεπισκόπου

919 2817 975 2852 τῆς
986 2816 1112 2855 Ἀφρων
1128 2816 1232 2855 χώρας
1244 2815 1294 2845 καὶ
1310 2814 1470 2853 μάρτυρος,
1489 2814 1538 2844 καὶ
1555 2815 1613 2850 τῆς

919 2858 987 2888 κατ’
1003 2858 1098 2888 αὐτὸν
1113 2857 1245 2888 συνόδου
1261 2857 1429 2887 ἐκτεθέντα
1445 2855 1568 2891 κανόνα,
1579 2856 1613 2886 ὓς

920 2901 952 2929 ἐν
967 2901 1034 2930 τοῖς
1055 2901 1118 2929 τῶν
1138 2898 1364 2938 προειρημένων
1383 2899 1537 2938 προέδρων
1557 2896 1610 2926 τό-

918 2953 987 2971 ποις
1007 2942 1057 2971 καὶ
1077 2940 1182 2979 μόνον,
1200 2942 1281 2972 κατὰ
1301 2942 1339 2971 τὸ
1362 2940 1534 2981 παραδοθὲν
1559 2939 1611 2968 αὐ-

919 2985 984 3013 τοῖς
999 2982 1076 3020 ἔθος,
1095 2982 1277 3023 ἐκράτησέ]

1678 353 1772 376 TEST-

1637 395 1734 417 CENT.

1754 397 1813 417 v11.
