1987 3244
384 235 439 274 48

815 229 854 267 Α
878 226 1151 268 Scholastical
1171 225 1347 275 History
1371 220 1418 273 of

189 363 213 393 C
228 362 259 392 H
273 360 351 391 ΑΡ.
385 347 481 388 that
508 346 626 400 place
648 346 717 387 the
740 345 852 385 word
877 350 887 369 ‘
904 342 1139 396 Scripture'
1163 339 1378 394 signifieth
1405 352 1461 378 no
1489 349 1605 376 more
1626 334 1728 374 with
1748 333 1839 373 him

387 416 494 456 than
519 429 543 455 a
570 428 766 455 common
788 412 970 464 writing,
994 426 1037 451 as
1066 409 1202 450 under
1235 408 1309 449 the
1341 420 1454 447 same
1475 410 1585 445 term
1617 402 1842 444 elsewhere

388 484 442 523 he
474 482 608 523 eiteth
638 481 711 521 the
745 480 963 532 Scripture
998 479 1059 531 (or
1088 477 1272 529 writing)
1306 475 1352 516 of
1377 473 1629 526 Josephusu,
1653 469 1736 510 and
1766 469 1839 509 the

392 549 609 602 Scripture
637 547 684 588 of
713 549 953 595 Aristaeusx,
983 545 1146 586 besides
1175 558 1289 585 some
1319 543 1441 583 other
1470 541 1516 581 of
1542 540 1616 580 the
1647 538 1734 578 like
1766 550 1840 576 na-

236 403 297 433 VI.

180 695 220 724 A.
232 694 271 725 D.
291 694 362 723 325.

391 621 487 657 ture
496 626 523 656 y.

450 686 567 727 LIV.
614 685 669 725 In
700 684 764 724 his
795 683 898 723 time
929 696 1012 722 was
1044 681 1116 721 the
1148 681 1239 720 first
1272 678 1443 732 general
1473 675 1640 717 couneil
1669 672 1768 714 held
1800 676 1843 712 at

391 754 523 802 Nice3
556 752 739 791 wherein
761 764 868 791 were
889 750 1010 789 three
1032 747 1229 788 hundred
1251 746 1334 786 and
1356 745 1553 797 eighteen
1575 742 1759 793 bishops,
1788 740 1849 791 (of

391 820 529 860 whom
551 819 725 859 himself
740 833 823 858 was
846 831 939 867 one,
962 816 1046 856 and
1067 829 1147 856 one
1169 815 1216 855 of
1231 814 1304 854 the
1327 815 1512 866 greatest
1532 810 1578 849 in
1599 807 1842 849 estimation

392 903 548 941 among
578 888 697 928 them
728 887 834 939 allz,)
867 885 1030 926 besides
1066 884 1217 937 priests
1249 882 1331 922 and
1364 881 1557 928 deaconS,
1583 877 1686 918 with
1715 889 1844 928 many

393 955 641 996 multitudes
671 955 718 994 of
746 954 868 994 other
896 952 1151 1001 Christians,
1182 949 1388 1003 gathered
1420 947 1617 1000 together
1649 944 1759 984 from
1790 942 1847 983 all

392 1024 466 1064 the
488 1023 707 1076 provinces
730 1022 813 1062 and
836 1020 1054 1062 Churches
1076 1019 1122 1059 of
1137 1019 1211 1059 the
1233 1020 1401 1058 Roman
1423 1015 1594 1068 empire.

451 1092 506 1130 In
528 1090 613 1130 this
636 1090 802 1130 council
822 1089 896 1129 the
916 1089 1067 1141 heresy
1087 1087 1134 1127 of
1153 1086 1281 1127 Arius
1302 1099 1385 1126 was
1407 1080 1672 1124 condemned
1693 1078 1749 1132 by
1771 1077 1845 1118 the

393 1157 657 1198 testimonies
689 1157 773 1196 and
805 1156 1021 1209 authority
1053 1155 1099 1196 of
1123 1154 1198 1194 the
1230 1154 1345 1206 Holy
1379 1151 1663 1203 Scriptures²²3
1707 1146 1845 1186 which

393 1226 497 1279 they
517 1238 625 1266 were
650 1229 765 1265 wont
795 1224 841 1264 in
872 1224 975 1264 such
1005 1222 1248 1263 assemblies
1277 1223 1368 1262 first
1390 1221 1437 1261 of
1463 1220 1517 1259 all
1547 1224 1591 1259 to
1623 1215 1844 1271 produceb,

438 1373 453 1386 ¹¹
478 1368 581 1408 Praep.
608 1367 778 1407 Evangel.,
796 1368 851 1397 lib.
882 1378 911 1397 x.
938 1367 978 1407 [s.
1011 1368 1039 1397 6.
1066 1378 1096 1406 p.

396 1412 469 1443 476.
496 1411 541 1440 ed.
568 1411 639 1440 Par.
664 1410 842 1440 1628.—7&
866 1409 926 1439 ἀπὸ
949 1411 1006 1446 τῆς
1029 1410 1095 1439 Ἰω-

398 1453 502 1489 σήπου
517 1454 574 1482 τοῦ
590 1452 736 1492 Ἑβραίου
752 1452 906 1492 γραφῆς.]

442 1501 460 1516 x
486 1495 587 1534 Praep.
608 1495 779 1534 Evangel.,
797 1496 850 1525 lib.
871 1495 934 1524 viii.
954 1494 1046 1534 [sect.
1068 1497 1093 1525 1.

399 1549 431 1578 p.
460 1536 694 1577 ais—*ypdoea
719 1536 752 1567 δὲ
782 1539 884 1567 ταῦτα
910 1538 1096 1577 Ἀρισταῖος,

402 1593 428 1610 κ.
443 1593 472 1610 τ.
488 1579 537 1619 λ.]

445 1632 458 1651 y
484 1622 579 1657 Ibid.,
596 1622 651 1651 lib.
669 1630 700 1650 x.
722 1621 768 1661 [p.
787 1622 859 1657 465,
878 1626 909 1651 et
925 1623 1004 1662 seq.]

446 1665 460 1678 Ζ
487 1665 566 1693 Sixt.
591 1664 720 1693 Senens.
746 1664 801 1693 ubi
826 1674 931 1703 supra,
958 1663 1050 1703 [tom.
1076 1664 1094 1693 i.

403 1717 431 1746 p.
447 1706 534 1746 251.]
554 1706 862 1741 Eusebius‚—tanta
873 1705 1096 1745 [saecularium

404 1749 647 1788 disciphnarum
675 1749 798 1787 peritia,
824 1747 870 1787 et]
901 1748 1094 1778 Divinarum

404 1791 569 1820 literarum
584 1791 809 1820 exercitatione
824 1790 906 1820 inter
923 1801 1032 1820 onmes
1047 1790 1096 1820 sui

406 1833 515 1862 saeculi
549 1834 714 1872 episcopos
742 1833 861 1869 floruit,
886 1832 1035 1872 [claruit]
1061 1837 1097 1862 ut

406 1876 606 1905 nobilissimo
646 1875 849 1904 Constantini
890 1875 1096 1914 Imperatoris

407 1918 510 1956 elogio
538 1918 690 1947 celebrari
726 1917 885 1946 meruerit.
946 1918 979 1946 [s
1012 1918 1097 1947 enim

408 1971 492 1999 saepe
511 1960 548 1989 de
566 1960 633 1999 ipso
656 1960 759 1989 dicere
780 1959 964 1988 consuevit:
990 1960 1095 1989 ‘Feli-

407 2013 476 2032 cem
501 2002 691 2038 Eusebium,
717 2002 771 2041 qni
794 2012 856 2031 11011
881 2002 977 2031 nnius
1000 2003 1099 2038 urbis,

407 2045 462 2074 sed
485 2044 569 2073 orbis
592 2054 689 2084 prope
705 2045 802 2074 totius
821 2044 1006 2084 episcopatu
1029 2045 1097 2083 dig-

407 2097 468 2116 nus
485 2088 586 2116 esset.’

452 2134 463 2146 ⁵
486 2129 675 2158 Theodoret.
703 2129 799 2164 Hist.‚
817 2128 871 2159 lib.
895 2129 914 2159 i.
941 2139 1008 2168 cap.
1027 2129 1100 2160 7.—

410 2171 494 2200 Cum
530 2176 636 2200 autem
674 2171 713 2200 ad
753 2176 850 2210 eaput
890 2172 1007 2210 negotii
1045 2171 1100 2210 (de

409 2214 594 2243 Arianismo
627 2213 848 2251 dijudicando)
884 2214 1100 2243 accedendum

409 2260 502 2291 esset,
532 2255 711 2294 Imperator
736 2256 967 2285 Constantinus
998 2257 1100 2286 denuo

409 2298 574 2336 episcopos
595 2297 933 2328 allocutus—subinde
957 2299 1099 2328 inculca-

409 2340 464 2374 vit,
478 2344 513 2368 ut
528 2339 692 2368 communi
709 2340 871 2368 studerent
887 2350 1055 2376 consensu,
1072 2345 1102 2370 et

409 2381 442 2410 in
466 2381 693 2420 dijudicatione
710 2382 895 2419 dogmatum
920 2382 1101 2411 coelestium

412 2423 500 2461 (cum
515 2423 546 2452 in
562 2427 711 2462 promptu
721 2423 874 2452 haberent
888 2424 1101 2463 Evangelicos

411 2465 614 2505 Apostolicos
631 2471 661 2494 et
678 2465 885 2504 Propheticos
901 2465 1014 2504 libros)
1028 2466 1101 2495 inde

411 2518 555 2537 censurae
567 2507 721 2536 formulas
734 2512 881 2546 peterent.
893 2507 971 2546 [vid.
984 2518 1050 2547 cap.
1060 2509 1100 2539 vi.

412 2555 488 2580 tom.
498 2550 540 2579 iii.
550 2561 578 2589 p.
590 2550 912 2588 54«2.-εὐα·γ’γελικαὶ
923 2548 992 2587 γάρ,
1005 2556 1103 2588 φησιν

414 2593 445 2630 (ὁ
467 2591 644 2631 βασιλεὺς,)
667 2591 786 2627 βίβλοι,
813 2592 862 2622 καὶ
882 2592 1102 2627 ἀποστολικαὶ,

413 2634 462 2663 καὶ
484 2636 546 2664 τῶν
561 2636 702 2664 παλαιῶν
718 2636 887 2673 προφητῶν
910 2634 950 2663 τὰ
969 2633 1100 2663 θεσπίσ-

412 2688 504 2713 ματα,
522 2678 629 2714 σαφῶς
650 2676 726 2713 ἡμᾶς
744 2676 762 2706 ἃ
777 2676 838 2716 χρὴ
858 2677 926 2714 περὶ
947 2678 1003 2706 τοῦ
1022 2675 1104 2706 θείου

413 2719 540 2755 φρονεῖν
564 2717 787 2748 ἐκπαιδεύουσι.
816 2718 875 2754 τὴν
893 2719 1104 2756 πολεμοποιὸν

413 2759 467 2789 οὖν
484 2759 702 2790 ἀπελάσαντες
719 2760 792 2799 ἔριν,
809 2762 843 2790 ἐκ
857 2763 919 2790 τῶν
937 2759 1103 2790 θεοπνεύσ-

412 2814 475 2831 των
486 2801 591 2838 λόγων
603 2801 751 2840 λάβωμεν
762 2805 825 2832 τῶν
837 2801 1032 2841 ζητουμένων
1045 2803 1105 2839 τὴν

415 2843 534 2883 λύσιν.]
568 2844 611 2873 Et
628 2845 761 2883 epistola
778 2846 941 2875 Constant.
956 2846 994 2875 ad
1012 2846 1101 2875 Eccl.

415 2887 507 2915 Alex.
534 2887 618 2925 apud
643 2887 776 2923 Socrat„
793 2887 846 2916 lib.
871 2888 889 2917 i.
915 2898 981 2927 cap.
1000 2888 1027 2917 9.
1054 2887 1101 2927 [p.

415 2929 464 2958 30.
492 2928 581 2958 Eccl.
609 2928 693 2958 Hist.
720 2929 766 2958 ed.
787 2930 917 2959 Cantab.
940 2930 1047 2969 1720]
1074 2934 1104 2959 et

413 2971 445 3000 in
470 2975 545 3001 tom.
564 2971 582 3001 1.
610 2970 731 3000 Concil.
760 2970 887 3010 [Labbe
903 2978 933 3001 et
951 2972 1102 3008 Cossart„

1156 1372 1232 1397 tom.
1250 1367 1281 1398 ii.
1307 1366 1366 1396 col.
1386 1365 1453 1405 62.]
1502 1364 1554 1394 Ex
1583 1361 1758 1402 Scripturis
1786 1359 1846 1390 Di-

1155 1411 1274 1439 vinitus
1299 1409 1461 1449 inspiratis
1475 1417 1566 1436 z—ex
1582 1406 1723 1439 veritate,
1741 1407 1771 1433 et
1791 1412 1846 1431 ex-

1156 1453 1283 1492 quisitis
1305 1452 1402 1491 Legis
1419 1450 1546 1480 Divinae
1569 1447 1772 1480 testimoniis,
1789 1446 1849 1474 διο.

1154 1506 1272 1524 ——vera
1297 1495 1392 1524 Fides
1421 1492 1676 1523 confirmabatur.
1735 1487 1848 1527 [ἡλίκα

1155 1537 1204 1567 καὶ
1222 1538 1259 1567 ὡς
1282 1536 1365 1566 δεινὰ
1388 1536 1428 1566 τὰ
1450 1535 1518 1573 περὶ
1541 1535 1598 1563 τοῦ
1621 1530 1765 1570 μεγάλου
1781 1533 1844 1561 Σω-

1157 1581 1261 1618 τῆρος,
1279 1581 1346 1617 περὶ
1363 1580 1421 1614 τῆς
1446 1576 1571 1607 ἐλπίδος
1588 1575 1638 1605 καὶ
1656 1573 1735 1613 ζωῆς
1751 1572 1846 1610 ἡμῶν,

1157 1622 1300 1661 ἀπρεπῶς
1328 1620 1556 1659 ἐβλασφήμουν
1580 1629 1671 1652 τινες,
1697 1615 1848 1646 τάναντία

1155 1665 1223 1694 ταῖς
1240 1663 1457 1693 θεοπνεύστοις
1480 1661 1615 1700 ’γραφαῖς
1639 1658 1689 1689 καὶ
1711 1659 1751 1698 τῇ
1772 1655 1847 1695 ἁγίᾳ

1156 1707 1261 1735 πίστει
1292 1704 1505 1744 φθεγγόμενοί
1535 1715 1582 1738 τε,
1612 1702 1661 1732 καὶ
1686 1698 1846 1730 πιστεύειν

1155 1749 1396 1786 ὁμολογοῦντες.
1415 1744 1602 1786 τριακοσίων
1613 1744 1690 1782 ’γοῦν
1701 1742 1750 1772 καὶ
1761 1748 1847 1772 πλει-

1156 1790 1232 1820 όνων
1269 1788 1455 1824 ἐπισκόπων,
1494 1787 1542 1817 ἐπὶ
1582 1784 1766 1825 σωφροσύνῃ
1809 1796 1846 1813 τε

1156 1832 1206 1862 καὶ
1237 1831 1383 1872 ἀγχινοίᾳ
1418 1828 1664 1868 θαυμαζομένων,
1694 1826 1766 1865 μίαν
1797 1826 1846 1857 καὶ

1155 1874 1215 1911 τὴν
1239 1874 1335 1910 αὐτὴν
1358 1874 1476 1908 πίστιν,
1494 1872 1512 1908 ἢ
1530 1872 1579 1902 καὶ
1603 1872 1672 1901 ταῖς
1688 1868 1846 1907 ἀληθείαις

1157 1917 1206 1947 καὶ
1231 1915 1400 1956 ἀκριβείαις
1422 1913 1479 1946 τοῦ
1503 1913 1585 1944 θείου
1608 1913 1703 1951 νόμου
1724 1912 1845 1951 πέφυκε

1157 1958 1262 1989 πίστις
1282 1958 1366 1993 εἶναι,
1383 1958 1607 1993 βεβαιούντων,
1622 1956 1715 1993 μόνος
1725 1955 1846 1994 ’Ἄρειος

1159 2000 1299 2040 ἐφωράθη
1322 2002 1379 2037 τῆς
1402 2001 1586 2035 διαβολικῆς
1609 1997 1766 2037 ἐνεργείας
1789 1997 1844 2033 ἡτ-

1158 2042 1300 2080 τημένος,
1329 2043 1379 2073 καὶ
1408 2045 1445 2072 τὸ
1476 2043 1572 2072 κακὸν
1595 2041 1700 2074 τοῦτο,
1724 2042 1846 2078 πρῶτον

1158 2084 1215 2123 μὲν
1237 2086 1306 2125 παρ’
1327 2086 1404 2123 ὑμῖν,
1423 2084 1531 2114 ἔπειτα
1553 2083 1603 2113 καὶ
1626 2083 1695 2122 παρ’
1721 2080 1846 2121 ἑτέροις,

1159 2128 1273 2163 ἀσεβεῖ
1283 2128 1390 2168 ’γνώμῃ
1408 2125 1615 2166 διασπείρας.]

1204 2177 1215 2193 ¹·
1242 2171 1303 2210 Ep.
1323 2170 1441 2210 Synod.
1461 2169 1582 2199 Concil.
1602 2167 1764 2207 Aquilien.
1779 2166 1847 2205 (cui

1160 2214 1290 2252 praefnit
1316 2213 1346 2243 S.
1364 2212 1493 2250 Ambr.)
1512 2212 1549 2241 ad
1576 2211 1711 2241 Gratian
1727 2209 1798 2239 Val.
1817 2214 1848 2239 et

1160 2256 1317 2285 Theodos.
1332 2255 1401 2284 Val.
1417 2253 1708 2293 Impp.——[Labbe,
1725 2256 1800 2281 tom.
1816 2252 1848 2281 ii.

1160 2298 1232 2327 coll.
1249 2298 1320 2333 993,
1334 2297 1537 2327 4.—Multus
1550 2301 1655 2326 tamen
1673 2295 1762 2324 nobis
1775 2305 1849 2324 cum

1161 2341 1211 2369 his
1239 2350 1341 2369 sermo
1365 2339 1463 2378 fuitz]
1488 2339 1659 2379 propositae
1684 2338 1717 2367 in
1743 2337 1849 2366 medio

1162 2382 1290 2411 Divinae
1323 2383 1520 2421 Scripturae:
1564 2380 1780 2421 [disceptandi
1811 2380 1849 2408 de

1162 2425 1265 2462 primo
1291 2429 1362 2453 ortu
1389 2424 1449 2453 diei
1480 2424 1513 2453 in
1542 2424 1655 2453 horam
1679 2422 1849 2461 septimam

1161 2467 1251 2505 copia
1280 2466 1364 2501 data,
1394 2466 1498 2495 delata
1523 2466 1684 2505 patientia.
1740 2465 1849 2502 Atque

1160 2508 1284 2537 utinam
1301 2518 1402 2546 pauca
1419 2508 1584 2543 dixissent,
1603 2508 1653 2536 vel
1675 2510 1758 2535 certe
1777 2517 1848 2545 quae

1160 2550 1343 2579 audivimus
1356 2559 1522 2589 possemus
1532 2550 1671 2584 abolere;
1688 2559 1761 2578 nam
1775 2558 1850 2578 cum

1161 2592 1324 2630 sacrilegis
1348 2591 1580 2630 vocibi1S‚&c.]
1628 2591 1672 2621 Et
1697 2591 1850 2631 Cyrillus,

1161 2634 1193 2662 111
1211 2634 1304 2673 Apol.
1323 2635 1361 2663 ad
1378 2634 1533 2664 Theodos.
1551 2635 1589 2663 de
1606 2634 1723 2673 Synod.
1741 2634 1850 2673 Ephe-

1163 2676 1232 2706 sina
1262 2677 1430 2707 OEcumen.
1461 2676 1672 2706 iii.—Sancta
1702 2677 1850 2715 Synodus

1165 2718 1330 2748 Christum
1345 2729 1547 2755 assessorem,
1561 2719 1684 2758 Capitis
1698 2718 1777 2754 loco,
1795 2720 1850 2748 ad-

1159 2761 1286 2800 junxit;
1303 2762 1519 2792 venerandum
1536 2762 1621 2791 enim
1634 2761 1853 2799 Evangelium

1164 2804 1195 2832 in
1221 2808 1329 2833 sancto
1353 2804 1466 2833 throno
1494 2803 1672 2839 collocavit,
1696 2803 1729 2832 in
1760 2814 1851 2833 aures

1162 2846 1361 2875 sacerdotum
1389 2846 1549 2875 clamans:
1587 2846 1736 2874 ‘Justum
1763 2846 1851 2884 judi-

1163 2888 1249 2917 cium
1270 2887 1630 2926 judicate.’——[Hervet.
1656 2887 1775 2927 Interp.
1807 2889 1854 2919 ed.

1163 2929 1233 2959 Par.
1262 2929 1479 2961 1573.—Vide
1505 2931 1552 2960 ed.
1576 2930 1648 2959 Lut.
1674 2930 1743 2960 Par.
1764 2931 1855 2961 1638.

1163 2977 1237 3002 tom.
1256 2972 1295 3001 vi.
1314 2982 1343 3011 p.
1361 2971 1551 3002 251.-τότε
1567 2972 1603 3008 δὴ
1626 2970 1716 3009 μόλις
1740 2971 1758 3008 ἦ
1781 2970 1855 3010 ἁγία
