1987 3244
261 1020 349 1059 [vm.

258 1064 378 1099 Labim,

259 1111 335 1136 torn.
352 1106 415 1136 xiv.

259 1149 318 1178 col.
335 1150 407 1185 944,

257 1197 287 1222 et
304 1192 389 1231 seq.]

472 228 553 269 xxii
853 242 935 269 THE
957 242 1048 269 NEW
1072 243 1210 270 CANON
1233 243 1283 270 or
1305 243 1543 272 sommum.

476 335 608 376 veteri
629 335 803 388 vulgata
823 335 980 376 Latina
1008 336 1193 377 editione
1225 337 1454 387 habentur,
1477 352 1552 391 pro
1577 337 1715 378 Sacris
1736 342 1778 378 et
1799 338 1936 378 Cano-

475 408 581 449 nicis
603 423 690 449 non
722 409 965 463 susceperit,
988 414 1030 449 et
1060 409 1312 450 traditiones
1343 411 1566 463 praedictas
1598 411 1734 451 sciens
1765 415 1808 451 et
1838 425 1936 464 pru-

478 481 582 522 dens
604 482 921 535 contempserit,
946 483 1176 523 anathema
1197 483 1262 523 sit.

535 555 696 595 Omnes
717 554 861 608 itaque
883 555 1142 608 intelligant,
1167 570 1248 608 quo
1270 556 1418 596 ordine
1447 561 1489 596 et
1517 557 1583 597 via
1610 557 1701 610 ipsa
1725 557 1935 611 SynoduS,

475 633 570 682 post
587 629 751 681 jactum
769 628 887 668 Fidei
907 628 1193 669 Confessionis
1209 629 1552 680 fundamentum,
1571 631 1625 670 sit
1640 645 1934 684 progressura3

477 707 519 742 et
542 701 696 754 quibus
717 701 986 754 potissimum
1004 701 1261 742 testimoniis
1277 716 1326 742 ac
1342 702 1560 755 praesidiis,
1574 703 1619 743 in
1636 703 1937 744 confirmandis

476 774 761 829 dogmatibus,
784 780 826 815 et
847 774 1137 815 instaurandis
1159 775 1203 815 in
1225 775 1415 816 Ecclesia
1435 776 1637 826 moribus,
1660 777 1713 817 sit
1734 791 1876 817 usura.

804 989 1006 1029 BULLA
1039 990 1210 1029 PAPAE
1243 990 1328 1030 PH
1361 990 1605 1038 QUARTI,

762 1093 895 1144 Super
916 1093 1064 1131 Forma
1084 1093 1315 1132 Juramentz·
1337 1092 1515 1145 Profess.
1539 1094 1656 1133 Fidei

736 1166 869 1205 Juxta
899 1166 1051 1206 Concil.
1080 1166 1207 1216 Trici„
1230 1167 1273 1206 in
1284 1166 1371 1218 fine
1392 1168 1517 1219 ejusd.
1549 1167 1670 1207 Cone.

530 1256 644 1296 Item
675 1255 820 1296 omnia
843 1287 851 1295 .
879 1287 887 1295 .
912 1287 920 1296 .
946 1270 970 1296 a
1004 1255 1078 1295 SS.
1107 1255 1219 1295 Trid.
1256 1255 1428 1309 Synodo
1461 1255 1633 1305 tradita,
1668 1255 1855 1305 definita,
1890 1262 1934 1297 et

471 1329 696 1379 declarata,
733 1329 1030 1369 indubitanter
1070 1328 1237 1381 recipio,
1282 1333 1409 1382 atque
1450 1329 1672 1382 profiteor:
1721 1329 1931 1382 simulque

471 1403 683 1444 contraria
704 1403 846 1443 omnia
861 1434 869 1443 .
888 1434 897 1443 .
916 1434 923 1442 .
941 1403 1109 1452 damno,
1132 1402 1290 1456 rejicio,
1317 1403 1389 1456 (et)
1416 1402 1741 1443 anathematizo.
1806 1403 1932 1443 Hanc

472 1491 614 1517 veram
655 1476 919 1516 Catholicam
961 1477 1122 1525 Fidem,
1165 1482 1284 1517 extra
1325 1491 1452 1530 quam
1493 1491 1619 1518 nemo
1660 1477 1796 1517 salvus
1841 1491 1930 1517 esse

473 1554 625 1604 potest,
661 1581 668 1589 .
695 1580 703 1589 .
729 1581 737 1589 .
769 1549 974 1590 veraciter
1006 1555 1156 1599 teneo,
1208 1550 1281 1603 (et)
1320 1551 1499 1591 eandem
1542 1551 1754 1603 integram
1793 1582 1802 1591 .
1828 1582 1836 1590 .
1862 1582 1870 1590 .
1906 1565 1930 1591 a

473 1624 578 1663 meis
600 1622 736 1663 teneri
765 1628 1013 1663 curaturum
1042 1636 1109 1663 me
1133 1653 1142 1663 .
1169 1654 1177 1663 .
1204 1654 1212 1663 .
1236 1623 1435 1676 spondeo,
1458 1638 1599 1673 voveo,
1623 1638 1670 1664 ac
1687 1624 1795 1677 juro.
1860 1624 1929 1664 Sic

473 1711 540 1739 nie
563 1697 679 1737 Deus
702 1696 884 1750 adjuvet,
908 1701 950 1738 et
970 1697 1061 1737 haec
1085 1697 1125 1737 S.
1151 1696 1232 1737 Dei
1256 1697 1513 1751 Evangelia,
1548 1698 1617 1738 Sco.
