1987 3244
524 213 590 253 the
615 214 752 253 Canon
773 211 822 265 of
835 214 900 253 the
922 213 1170 266 Scriptures.
1523 218 1576 258 77

120 319 253 361 books
281 320 329 361 of
353 320 570 373 Scripture
591 319 686 359 that
707 319 846 359 follow
867 319 913 359 in
936 318 992 358 all
1012 319 1135 360 other
1156 319 1295 373 copies
1324 320 1409 360 and
1431 321 1579 363 collec-

119 389 232 429 tions
254 389 301 429 of
325 388 399 429 the
421 386 607 428 councils
633 387 893 427 Whatsoever
906 387 1116 436 3—vvhich
1139 387 1174 428 is
1205 402 1250 428 so
1277 388 1389 428 clear
1414 402 1469 428 an
1498 390 1579 430 evi-

120 456 252 497 dence
282 456 346 497 for
378 470 441 506 us,
474 455 570 496 that
604 455 820 509 generally
847 455 934 495 this
966 455 1132 496 council
1160 456 1195 495 is
1227 455 1352 508 given
1380 462 1466 507 usg,
1496 457 1581 498 and

119 524 337 565 confessed
357 528 402 564 to
424 523 476 564 be
496 538 613 577 upon
635 538 712 564 our
735 524 837 564 side.
903 524 974 577 (2.)
1001 524 1115 578 Only
1133 524 1405 575 Catharinus,
1422 525 1582 579 having

115 593 299 645 nothing
334 592 418 632 else
458 596 503 632 to
545 606 619 644 say
656 592 826 645 against
860 591 909 642 it,
943 592 1188 645 suspecteth
1219 592 1315 632 that
1347 592 1433 633 this
1466 593 1579 647 fifty-

116 661 245 702 ninth
266 675 403 702 canon
425 661 472 702 of
486 661 572 701 this
594 661 761 702 council
782 661 887 701 hath
908 661 1019 701 been
1039 661 1179 714 larger
1199 661 1307 701 than
1333 661 1367 701 it
1395 661 1470 711 ish,
1494 662 1579 702 and

116 730 211 770 that
239 730 313 770 the
334 729 467 770 books
496 743 590 770 now
612 729 910 770 controverted
931 729 1037 769 have
1057 729 1167 769 been
1195 729 1327 769 taken
1356 734 1431 769 out
1460 729 1508 770 of
1530 730 1577 779 it,

116 797 284 851 though
304 797 350 837 in
377 797 451 837 the
477 797 728 837 meanwhile
748 796 802 838 he
827 797 974 837 knows
995 801 1072 836 not
1094 797 1218 837 when
1240 810 1286 836 or
1308 796 1364 850 by
1385 797 1523 838 whom
1545 797 1579 838 it

1647 337 1743 359 TEST-

1615 380 1713 401 CENT.
1732 380 1776 402 lv.

159 905 170 922 ε
194 891 354 922 Baronius
379 896 409 922 et
426 891 552 927 Binius,
572 892 625 921 ubi
642 902 713 932 sup.
733 891 812 931 [vid.
874 891 980 921 nicos:
1007 892 1061 922 sed
1084 902 1147 922 non
1170 898 1423 922 numeraverunt
1438 893 1521 923 inter
1536 893 1576 923 il-

116 935 245 971 Baton„
263 939 339 964 tom.
356 934 398 963 iv.
422 934 481 964 col.
508 935 580 964 916.
629 935 712 964 Cum
738 945 812 964 con-

117 982 187 1013 stet,
211 977 399 1007 auctoritate
424 977 453 1006 S.
481 977 683 1017 Hieronymi,
705 987 813 1017 recep-

116 1025 185 1050 tum
198 1020 230 1050 in
246 1020 382 1050 Nicaeno
399 1020 533 1049 concilio
546 1020 666 1049 librum
679 1020 794 1050 Judith
808 1033 814 1055 ;

116 1073 191 1092 cum
209 1063 243 1092 in
265 1063 345 1093 serie
368 1063 594 1092 canonicorum
618 1062 773 1092 librorum
797 1074 816 1092 a

114 1105 265 1135 Patribus
298 1106 465 1135 Laodiceae
497 1106 700 1145 congregatis
729 1106 815 1135 idem

116 1147 196 1178 liber
225 1149 263 1178 ab
294 1148 487 1178 authenticis
515 1148 556 1177 sit
578 1149 727 1188 explosus
751 1159 815 1179 una

115 1201 189 1220 cum
205 1191 369 1220 nonnullis
390 1191 478 1220 aliis:
504 1191 633 1221 evidens
654 1191 750 1231 plane
766 1197 813 1222 at-

115 1244 177 1273 que
200 1234 403 1274 perspicuum
420 1234 573 1268 redditur,
594 1234 712 1264 dictam
730 1234 814 1263 Lao-

115 1276 278 1306 dicensem
305 1277 466 1316 synodum
499 1276 691 1306 celebratam
715 1276 815 1307 fuisse

115 1324 188 1348 ante
206 1319 376 1348 Nicaenam
391 1332 397 1354 ;
423 1319 573 1349 δια-Εἴ
588 1319 660 1349 Bin.
679 1319 725 1349 ed.
739 1319 813 1350 Lut.

116 1361 188 1391 Par.
216 1362 309 1391 1636.
332 1366 406 1391 tom.
423 1362 442 1390 i.
467 1372 496 1401 p.
516 1361 732 1391 305.—Liber
755 1362 812 1392 Ju-

115 1404 195 1441 aith,
209 1405 396 1434 auctoritate
412 1404 509 1444 hujus
521 1405 725 1444 provincialis
738 1415 813 1434 con-

116 1446 181 1475 cilii
204 1447 286 1476 inter
310 1448 509 1486 apocryphos
530 1447 683 1485 rejicitur,
706 1458 814 1487 quein,

115 1494 194 1519 teste
221 1490 251 1519 S.
273 1490 405 1520 Hieron.
436 1489 537 1529 Epist.
565 1491 592 1519 3.
618 1494 724 1529 patres
751 1490 811 1520 Ni-

115 1532 197 1561 caeni
225 1533 364 1568 concilii,
389 1532 477 1562 velut
504 1538 754 1569 sacrosanctum,
780 1533 813 1563 in

115 1584 269 1604 canonem
297 1575 472 1614 Scripturae
497 1575 812 1614 receperunt.—Vid.

114 1627 143 1656 p.
163 1618 213 1649 67.
231 1622 296 1647 not.
320 1622 341 1653 t,
364 1623 395 1647 et
413 1628 442 1657 p.
462 1618 511 1647 68.
532 1621 594 1646 not.
612 1617 661 1657 x.]
713 1618 813 1657 Alph.

113 1669 132 1689 a
148 1660 270 1693 Castro,
284 1660 337 1689 lib.
354 1661 372 1690 i.
397 1670 423 1689 c.
441 1662 469 1690 2.
487 1664 597 1689 contra
624 1660 711 1690 Haer.
735 1660 811 1700 [col.

114 1702 145 1738 6,
163 1702 337 1734 7.—Laod.
357 1703 458 1732 Catal.
484 1712 551 1732 can.
576 1702 630 1733 lix.
656 1703 733 1733 citat
750 1704 812 1733 Al-

111 1745 307 1784 phonsus,et
324 1746 418 1776 dicit:
446 1745 507 1775 Sed
520 1746 590 1784 jam
602 1746 694 1775 video
709 1757 810 1786 quan-

111 1793 182 1817 tum
198 1789 319 1818 exultet
332 1788 504 1818 haereticus
522 1798 561 1818 ex
576 1788 697 1818 ratione
713 1789 809 1819 libro-

111 1840 184 1860 rum
216 1832 249 1861 in
279 1831 339 1861 hoc
370 1831 515 1870 catalogo
541 1832 710 1871 assignata,
736 1842 812 1862 cum

111 1873 217 1903 videat
233 1874 400 1914 plerosque
416 1874 459 1903 ibi
477 1874 591 1909 omitti,
610 1875 665 1913 qni
690 1875 811 1914 passim

110 1925 168 1955 pro
195 1917 354 1946 canonicis
382 1917 556 1952 habentur;
583 1916 657 1956 δια]
692 1918 812 1956 Georg.

112 1958 251 1997 Ederus,
267 1960 301 1989 in
324 1960 436 1989 (Econ.
458 1959 557 1995 Bibl„
571 1959 625 1989 lib.
643 1961 661 1989 i.
679 1960 741 1989 tab.
759 1962 810 1990 42.

114 2000 300 2040 [OEconom.
330 2002 521 2037 Bibliorum,
547 2012 576 2041 p.
595 2002 810 2031 36.-—Laodi-

111 2054 204 2074 cense
227 2055 295 2074 can.
316 2047 366 2075 59.
416 2045 455 2073 In
479 2055 541 2083 quo
565 2045 639 2074 licet
662 2045 699 2074 de
722 2045 810 2074 libris

111 2086 233 2123 Tobiae,
257 2087 384 2124 Judith,
413 2087 597 2126 Sapientiae,
628 2087 809 2116 Ecclesias-

110 2129 178 2165 tici,
211 2129 487 2164 Machaboeorum,
527 2134 557 2159 et
595 2129 810 2169 Apocalypsis

111 2172 201 2201 nulla
231 2172 293 2201 fuit
325 2172 455 2208 mentio,
486 2172 534 2201 vel
566 2173 642 2209 quia
676 2173 809 2202 dubium

111 2214 216 2245 adhuc
242 2215 372 2254 aliquod
393 2216 430 2244 ‹lc
456 2214 519 2244 illis
542 2215 650 2250 fucrit,
667 2215 717 2244 vel
735 2216 809 2254 quia

111 2257 212 2287 sancti
230 2263 335 2297 patres
351 2258 511 2297 judicium
529 2258 566 2287 de
584 2268 615 2287 re
632 2263 697 2287 tam
719 2259 809 2297 gravi

110 2299 144 2329 in
160 2300 248 2330 aliud
265 2305 391 2339 tempus
417 2300 540 2330 differre
557 2301 725 2337 voluerint,
744 2311 805 2331 non

110 2346 217 2372 tamen
247 2348 369 2383 oportet
400 2354 525 2383 semper
562 2344 715 2380 dubitare,
747 2354 805 2373 nec

110 2385 149 2414 ab
184 2386 281 2415 unius
313 2386 438 2416 concilii
479 2387 666 2416 auctoritate
707 2397 805 2425 nega-

109 2428 173 2457 tive
194 2429 412 2467 argumentari
434 2429 551 2465 licebit,
570 2440 644 2460 cuni
668 2430 807 2460 sufficiat

109 2470 167 2500 hos
197 2471 293 2501 libros
319 2482 336 2501 a
363 2472 571 2511 sequentibus
596 2473 751 2509 conciliis,
775 2478 807 2503 et

107 2513 205 2553 paulo
234 2519 306 2554 post
336 2515 433 2544 totius
464 2515 608 2545 ecclesiae
640 2516 805 2545 catholicae

108 2566 275 2593 consensu,
294 2558 482 2597 approbatos
498 2557 594 2597 esse]
644 2558 804 2595 Costcrus,

107 2598 140 2628 in
163 2599 329 2630 Enchirid.
353 2611 419 2640 cap.
442 2601 468 2630 l.
490 2599 536 2639 [p.
563 2600 806 2640 67.——Objecti0

106 2643 220 2681 prima.
282 2643 465 2673 Concilium
499 2643 718 2673 Laodicenum
755 2654 806 2674 cos

108 2684 204 2715 libros
235 2686 349 2715 veteris
380 2687 562 2716 testamenti
593 2687 722 2723 omittit,
753 2687 806 2725 qui

107 2737 172 2757 non
189 2733 264 2758 sunt
285 2729 318 2758 in
341 2739 461 2758 canone
484 2729 718 2759 Hebraeorum:
743 2740 806 2759 non

106 2769 206 2809 igitur
236 2771 365 2809 agnovit
401 2772 500 2801 libros
532 2772 805 2808 Machabaeoruin,

110 2812 318 2851 Sapientiam,
350 2814 626 2851 Ecclesiasticum,
661 2814 806 2851 Tobiam,

109 2859 140 2884 et
155 2855 280 2886 Judith.
314 2856 445 2887 Solutio.
494 2857 651 2896 Neganda
667 2862 714 2887 est
730 2867 804 2886 con-

109 2898 292 2936 sequentia:
332 2909 395 2929 non
423 2899 508 2929 enim
540 2910 574 2929 eo
604 2900 666 2929 loci
700 2904 805 2939 patres

109 2939 293 2978 abjecerunt
320 2941 378 2971 hos
411 2941 518 2978 libros,
549 2947 703 2982 tanquam
742 2953 805 2971 non

110 2992 224 3019 sacros,
241 2992 299 3012 nec
316 2983 523 3015 decreverunt
538 2995 601 3015 non
625 2995 692 3015 esse
709 2995 803 3015 cano-

873 934 921 964 los
939 934 995 974 qui
1010 935 1042 964 in
1060 935 1194 965 ecclesia
1208 941 1314 965 essent
1329 935 1465 975 legendi,
1480 936 1577 976 idque

873 978 1054 1017 praesertim
1092 982 1220 1018 propter
1248 978 1381 1008 Judaeos
1411 979 1451 1008 ad
1482 979 1578 1009 fidem

874 1030 1055 1056 conversos,
1078 1026 1108 1050 et
1128 1021 1192 1050 fere
1215 1021 1434 1057 Judaizantes,
1459 1022 1576 1061 quibus

874 1062 1017 1102 Phrygia
1049 1064 1088 1093 ab
1118 1063 1348 1103 Apostolorum
1377 1064 1577 1104 temporibus

874 1105 1065 1135 abundabat.
1113 1106 1184 1136 Hos
1214 1107 1368 1136 nimirum
1397 1107 1499 1136 sancti
1527 1107 1576 1136 illi

874 1148 1015 1189 episcopi
1044 1149 1169 1178 irritare
1205 1149 1388 1185 noluerunt,
1417 1149 1457 1178 iis
1486 1149 1575 1179 libris

873 1192 988 1220 veteris
1004 1191 1187 1221 testamenti
1204 1191 1236 1220 in
1252 1191 1401 1221 Ecclesia
1418 1192 1573 1231 legendis,

874 1243 954 1272 quos
984 1233 1032 1262 illi
1059 1234 1092 1263 in
1120 1244 1241 1263 canone
1270 1234 1485 1264 Hebraeorum
1510 1245 1575 1264 non

873 1275 1060 1315 habebant]
1109 1276 1262 1306 Bellarm.
1295 1277 1333 1306 de
1364 1276 1470 1307 Verbo
1500 1277 1573 1314 Dei,

873 1318 926 1347 lib.
944 1318 965 1348 i.
983 1329 1008 1348 c.
1027 1320 1075 1348 20.
1095 1324 1168 1349 sect.
1188 1319 1438 1349 Enumerantur.
1487 1318 1574 1359 [The

872 1361 1004 1400 bearing
1028 1362 1064 1390 of
1082 1362 1145 1391 this
1162 1361 1322 1391 reference
1344 1372 1431 1402 upon
1448 1361 1575 1392 Cosin's

873 1408 1044 1443 argument
1058 1404 1085 1433 is
1101 1409 1156 1434 not
1172 1415 1249 1444 very
1262 1405 1398 1434 evident.
1446 1404 1571 1435 Bellar-

873 1447 985 1476 mine’s
1008 1447 1109 1476 words
1133 1457 1204 1476 are:
1240 1447 1484 1476 Enumerantur
1499 1448 1573 1477 libri

872 1489 1062 1528 Apocryphi
1080 1489 1212 1529 plurimi
1229 1500 1247 1518 a
1264 1490 1406 1525 Gelasio,
1426 1495 1461 1519 ut
1476 1490 1573 1520 habe-

872 1536 924 1561 tur
936 1532 1007 1561 dist.
1030 1533 1079 1568 15,
1096 1542 1216 1562 canone
1241 1532 1377 1561 ‘Sancta
1402 1532 1572 1570 Romana‚'

871 1574 910 1603 ab
928 1574 1117 1604 Innocentio
1135 1574 1161 1603 I.
1188 1574 1295 1614 Epist.
1315 1576 1343 1610 3,
1361 1575 1400 1604 ab
1425 1575 1572 1605 Athana-

871 1616 916 1646 sio
933 1617 966 1646 in
992 1617 1140 1657 Synopsi‚
1158 1622 1189 1647 et
1212 1618 1250 1647 ab
1276 1617 1428 1654 Eusebio,
1449 1618 1502 1649 lib.
1528 1619 1572 1649 iii.

871 1659 956 1690 Hist.
975 1670 1043 1699 cap.
1060 1661 1111 1696 25,
1129 1660 1184 1690 sed
1202 1670 1321 1699 magna
1340 1670 1379 1690 ex
1404 1666 1491 1700 parte
1508 1671 1572 1691 non

871 1707 1007 1732 exstant.
1055 1702 1121 1734 Qui
1138 1707 1278 1739 exstant,
1290 1703 1322 1732 hi
1341 1709 1436 1733 sunt:
1461 1704 1572 1734 Oratio

871 1745 972 1785 Regis
997 1745 1158 1781 Manasse,
1177 1757 1248 1786 quae
1276 1746 1357 1776 solet
1380 1747 1508 1776 annecti
1531 1747 1570 1776 li—

870 1788 934 1818 bris
962 1788 1241 1829 Paralipomenon,
1267 1799 1363 1828 quam
1393 1789 1470 1818 adeo
1494 1800 1569 1829 apo-

869 1832 1034 1870 crypham,
1053 1836 1107 1861 aut
1124 1841 1187 1861 non
1211 1836 1295 1861 certo
1318 1832 1505 1861 canonicam
1522 1832 1569 1861 di-

869 1884 940 1903 cere
965 1884 1058 1914 posse
1074 1874 1234 1910 videmur,
1249 1874 1324 1913 quia
1340 1884 1404 1903 non
1426 1879 1474 1904 est
1498 1885 1571 1914 pars

870 1916 1009 1955 alicujus
1028 1916 1100 1946 libri
1125 1917 1219 1953 sacri,
1236 1927 1295 1946 nec
1320 1917 1449 1956 ponitur
1464 1918 1568 1946 nomi-

868 1959 971 1988 natim
987 1959 1019 1988 in
1036 1969 1155 1988 canone
1171 1959 1210 1988 ab
1227 1959 1335 1998 aliquo
1357 1959 1501 1995 concilio,
1519 1959 1567 1989 vel

868 2002 1028 2040 pontifice,
1045 2002 1095 2031 vel
1119 2006 1216 2040 patre,
1241 2011 1337 2041 supra
1361 2001 1485 2036 citatis;
1511 2012 1570 2031 nec

868 2043 1004 2073 habetur
1019 2044 1051 2073 in
1072 2044 1210 2073 Hebraea
1224 2048 1279 2073 aut
1297 2044 1423 2077 Graeca,
1441 2044 1495 2073 sed
1518 2054 1567 2073 so-

868 2085 936 2115 lum
961 2087 991 2116 in
1016 2087 1132 2116 Latina
1157 2086 1305 2115 editione.
1353 2086 1569 2126 Apocryphus

869 2139 995 2169 quoque
1012 2133 1059 2159 est
1082 2129 1233 2159 Psalmus
1253 2129 1322 2158 151.
1349 2128 1494 2164 Davidis,
1512 2140 1567 2159 cu-

863 2172 919 2210 jus
941 2172 1088 2202 meminit
1104 2171 1304 2201 Athanasius
1322 2171 1354 2200 in
1373 2172 1522 2211 Synopsi,
1539 2177 1569 2202 et

867 2214 1030 2245 invenitur
1045 2215 1077 2243 in
1097 2215 1220 2244 Graecis
1238 2214 1412 2244 Psalteriis.
1460 2216 1567 2245 Quem

866 2257 1029 2296 psalmum
1055 2257 1274 2297 apocryphum
1300 2257 1381 2293 dico,
1399 2257 1475 2295 quia
1490 2268 1566 2287 con-

867 2300 977 2330 cilium
999 2300 1219 2330 Laodicenum
1244 2309 1364 2329 canone
1390 2301 1442 2336 59,
1459 2300 1566 2330 conci-

865 2342 945 2372 lium
972 2344 1168 2379 Romanum,
1191 2343 1250 2372 sub
1274 2342 1415 2379 Gelasio,
1441 2348 1471 2372 ct
1495 2343 1566 2372 'rri-

865 2386 1043 2423 de‘ntinuni,
1072 2396 1147 2415 sess.
1172 2388 1200 2415 4.
1226 2385 1418 2415 nominatim
1444 2392 1569 2425 ponunt

864 2428 897 2458 in
922 2439 1042 2459 canone
1068 2430 1127 2459 150
1152 2428 1439 2468 psalmos—Toni.
1460 2429 1478 2458 i.
1507 2429 1565 2458 col.

866 2471 934 2510 79.]
965 2472 1085 2502 Melch.
1106 2472 1196 2508 Can.‚
1212 2472 1265 2501 lib.
1283 2472 1316 2501 ii.
1332 2481 1398 2510 cap.
1420 2471 1467 2501 ll.
1485 2470 1565 2509 [vid.

865 2525 894 2554 p.
904 2514 1068 2545 ‹iz—Res
1081 2515 1226 2544 nondum
1243 2519 1309 2544 erat
1324 2514 1464 2544 delinita.
1492 2514 1566 2544 Qua

865 2557 962 2587 ctiam
978 2558 1096 2587 ratione
1114 2562 1143 2587 et
1157 2557 1296 2597 reliquos
1309 2567 1501 2587 excusamus
1515 2568 1566 2586 :—

867 2600 902 2637 (i.
920 2611 945 2631 e.
974 2601 1003 2629 S.
1028 2601 1126 2639 Aug„
1156 2601 1362 2636 Damascen.,
1389 2599 1565 2635 innocent„

867 2643 987 2678 Gelas„
1007 2643 1104 2673 Conc.
1130 2643 1258 2673 Laodic.
1279 2644 1353 2681 ἃς.)
1376 2642 1479 2678 Confi,
1498 2653 1565 2682 cap.

868 2686 915 2716 10.
931 2696 959 2725 p.
975 2685 1043 2725 58.]
1084 2686 1262 2721 Lindanus,
1280 2686 1333 2715 ubi
1352 2695 1456 2725 supra.
1485 2684 1565 2723 [Pa-

866 2728 952 2768 nopl.
980 2729 1148 2768 Evangel„
1176 2729 1227 2758 lib.
1252 2728 1295 2758 iii.
1321 2738 1387 2767 cap.
1416 2727 1564 2757 3.—Vid.

866 2781 954 2801 nuni.
976 2771 1047 2811 liv.]
1096 2772 1140 2801 Et
1156 2771 1208 2801 alii
1226 2771 1418 2810 complures

909 2811 926 2833 ¹¹
952 2813 1063 2843 Ambr.
1091 2814 1219 2844 Gathar.
1239 2814 1358 2853 Opusc.
1384 2813 1422 2842 (le
1445 2811 1562 2850 Script.

867 2855 1310 2886 Canonicis.—Vohm110nter
1340 2856 1485 2895 suspicor
1516 2855 1563 2882 sn—

864 2899 926 2927 isse
943 2899 999 2928 hos
1016 2899 1112 2930 libros
1135 2911 1151 2930 a
1177 2899 1284 2929 sciolis
1301 2898 1493 2938 quibusdam
1512 2906 1560 2925 se-

864 2946 978 2979 motos,
996 2942 1053 2972 δὶα.
