1987 3244
431 240 515 280 146

859 241 899 278 A
923 240 1198 280 Scholastical
1215 239 1388 290 History
1411 237 1460 290 of

236 353 260 382 c
274 352 304 382 H
319 351 393 383 ΑΡ.
431 345 503 386 the
523 345 731 395 Fatherst,
753 345 856 386 took
876 345 1142 399 them,)—all
1162 345 1281 385 these
1304 358 1414 397 ways
1433 344 1536 398 they
1557 358 1654 397 may
1674 343 1726 384 be
1748 343 1881 384 called

431 413 672 454 canonical:
706 413 784 454 but
817 414 859 453 in
887 428 911 454 a
938 413 1057 453 strict
1083 412 1167 452 and
1196 426 1347 465 proper
1378 426 1510 462 sense,
1534 426 1578 452 so
1610 426 1653 452 as
1681 416 1725 451 to
1756 411 1881 451 make

429 482 548 522 them
578 481 624 521 in
655 481 708 522 all
739 481 885 535 things
915 481 1088 522 forcible
1119 481 1231 520 rules
1262 480 1309 521 of
1334 494 1411 521 our
1440 480 1579 530 Faith,
1611 493 1658 520 or
1688 479 1735 520 of
1759 480 1882 532 equal

431 549 647 603 authority
668 549 769 589 with
798 549 872 589 the
901 549 1001 589 Law
1031 548 1115 588 and
1144 547 1219 588 the
1240 548 1462 601 Prophets,
1484 548 1587 602 they
1615 561 1684 588 are
1714 547 1882 587 neither

429 617 529 656 here
557 617 604 656 in
633 617 758 665 thisu,
780 630 859 656 nor
887 616 933 655 in
964 630 1047 669 any
1069 615 1192 656 other
1220 616 1387 656 council
1418 630 1464 656 or
1492 615 1632 656 writer
1662 615 1804 655 before
1835 628 1882 655 or

431 685 538 725 after
558 685 607 734 it,
633 684 713 736 (till
737 684 810 724 the
834 698 924 724 new
951 683 1098 724 decree
1123 697 1204 724 was
1232 684 1357 724 made
1388 688 1431 724 at
1452 684 1613 738 Trent,)
1638 684 1801 725 termed
1825 684 1883 738 by

430 752 526 792 that
554 766 692 801 name,
715 766 761 792 or
783 751 991 792 admitted
1018 751 1111 792 into
1136 751 1211 792 the
1238 765 1375 792 canon
1396 751 1443 792 of
1469 751 1607 792 divine
1630 751 1881 805 Scriptures.

430 820 542 870 Else,
574 819 611 859 if
643 819 685 859 S.
713 819 957 871 Augustine
998 819 1082 859 and
1115 819 1201 859 this
1239 819 1414 860 African
1447 819 1612 860 council
1647 819 1797 860 should
1831 819 1883 859 be

430 887 651 927 otherwise
684 886 955 936 understood,
989 887 1109 927 there
1141 887 1224 927 will
1260 887 1311 928 be
1347 901 1463 928 more
1500 887 1718 928 canonical
1750 886 1882 928 books

270 395 348 425 VII.

430 954 537 994 than
567 955 640 994 the
667 955 911 995 Romanists
942 955 1192 996 themselves
1224 955 1307 995 will
1337 955 1484 996 admit.

1545 956 1628 996 For
1657 955 1703 995 in
1723 955 1881 1005 Africa,

439 1022 590 1074 (where
610 1022 712 1076 they
732 1022 837 1063 used
860 1022 934 1063 the
955 1022 1104 1075 vulgar
1123 1023 1414 1073 translationx,
1438 1037 1482 1063 as
1512 1023 1546 1063 it
1567 1037 1649 1063 was
1677 1022 1883 1064 rendered

436 1132 581 1172 pantun]
600 1142 635 1162 eo
661 1133 745 1171 quod
768 1143 877 1163 earum
901 1134 1026 1163 occulta
1043 1134 1130 1173 origo

435 1185 499 1204 11011
523 1175 638 1204 claruit
663 1175 825 1210 Patribus,
848 1186 865 1204 a
889 1176 1005 1214 quibus
1030 1186 1130 1215 usque

435 1217 473 1246 ad
496 1227 552 1246 nos
575 1218 746 1247 auctoritas
769 1218 931 1247 veracium
950 1218 1128 1257 Scriptura-

433 1270 505 1289 rum
523 1260 700 1289 certissima
710 1264 741 1289 et
754 1260 921 1289 notissima
931 1261 1130 1290 successione

434 1302 586 1341 pervenit.
644 1303 682 1332 In
708 1302 757 1332 his
788 1306 896 1332 autem
931 1302 1130 1342 Apocryphis

434 1345 493 1374 etsi
521 1344 684 1374 invenitur
712 1345 819 1385 aliqua
852 1345 978 1381 veritas,
1011 1350 1128 1382 tamen,

434 1392 561 1426 propter
584 1387 688 1417 multa
703 1387 793 1424 falsa,
810 1387 901 1417 nulla
918 1392 964 1417 est
980 1388 1131 1418 canonica

435 1429 615 1459 auctoritas.

478 1476 490 1492 ⁵
515 1472 594 1502 Can.
611 1472 805 1502 cit—Nihil
828 1473 861 1502 in
878 1472 1027 1502 Ecclesia
1042 1473 1129 1512 lega-

435 1519 488 1543 tur
515 1515 574 1543 sub
604 1515 732 1544 nomine
763 1515 955 1544 Divinarum
987 1515 1131 1554 Scriptu-

435 1566 555 1592 rarum,
584 1561 701 1595 praeter
739 1557 920 1597 Scripturas
957 1558 1132 1588 canonicas.

437 1597 504 1636 [ἵνα
520 1598 611 1629 ἐκτὸς
627 1601 690 1628 τῶν
712 1601 880 1629 κανονικῶν
895 1601 1024 1639 ’γραφῶν
1038 1599 1135 1637 μηδὲν

437 1642 471 1670 ἐν
507 1642 547 1681 τῇ
586 1640 740 1681 ἐκκλησίᾳ
784 1641 1046 1679 ἀναγινώσκηται,
1086 1643 1133 1672 ἐπ’

441 1681 569 1720 ὀνόματι
593 1684 681 1713 θείων
702 1684 960 1722 Ὑραφῶν.-Υἰ(1.
978 1695 1066 1724 supr.
1080 1695 1134 1724 pp.

445 1726 514 1761 143,
536 1726 604 1755 144.
622 1730 685 1755 not.
703 1726 742 1755 ad
758 1726 805 1756 lit.
822 1726 862 1766 f.]

480 1767 491 1788 t
516 1768 545 1797 S.
565 1768 719 1798 Athamas,
745 1769 804 1798 sub
829 1769 925 1798 finem
955 1769 1133 1808 SynopS.—

438 1809 506 1839 Ista
522 1810 626 1850 magis
639 1810 735 1849 digna
748 1816 876 1846 sunt,ut
887 1811 1133 1847 abscondantur,

438 1862 534 1891 quam
545 1858 581 1882 ut
596 1852 751 1892 legantur.
786 1852 874 1891 [Vid.
888 1854 1062 1892 Synops.,§
1083 1854 1132 1890 75,

439 1894 487 1925 76.
500 1895 611 1925 tom-ii.
620 1895 747 1934 pP.201,
757 1895 915 1926 202.—·r&
926 1894 958 1925 δὲ
970 1895 1134 1935 ἀπόκρυφοι

436 1934 533 1966 πάλιν
539 1938 596 1972 τῆς
604 1937 739 1967 παλαιᾶς
748 1938 892 1973 διαθήκης
899 1939 1010 1967 ταῦτα’
1019 1938 1131 1976 Ἐνὼχ,

438 1977 642 2018 Πατριοίρχαι,
667 1980 830 2019 προσευχὴ
852 1980 980 2016 Ἰωσὴφ,
1005 1980 1133 2017 διαθήκη

441 2021 608 2057 Μωῦσέως,
626 2020 779 2060 ἀνάληψις
798 2021 964 2059 Μωῦσέως,
980 2022 1135 2062 Ἀβραὰμ,

436 2063 552 2093 Ἐλδοὶδ
579 2064 629 2094 καὶ
662 2065 786 2099 Μωδὰδ,
816 2064 924 2094 Ἠλιοῦ
960 2066 1133 2104 προφητοῦ,

438 2104 594 2145 Ζαχαρίου
608 2107 725 2145 πατρὸς
739 2105 891 2143 Ἰωάννου,
910 2107 1046 2147 Βαροὺχ,
1060 2108 1134 2144 Ἀμ-

437 2148 571 2185 βακυὺμ,
589 2147 743 2186 Ἐζεκιὴλ,
761 2150 810 2179 καὶ
835 2149 965 2186 Δανιὴλ,
988 2148 1132 2189 ψευδεπί-

436 2196 552 2228 γραφα.
577 2192 635 2226 τῆς
651 2189 720 2221 νέας
736 2190 833 2221 πάλιν
847 2191 991 2228 διαθήκης
1007 2192 1131 2222 ἀντιλε-

437 2230 558 2269 γόμενα
581 2233 691 2262 ταῦτα·
723 2232 857 2273 περίοδοι
881 2233 1011 2273 Πέτρου,
1039 2240 1132 2264 κ.τ.λ.

463 2296 469 2303 .
488 2297 495 2303 .
514 2296 520 2303 .
546 2275 832 2313 παραγεγραμμένα
860 2275 895 2306 δέ
916 2276 976 2306 εἶσι
1000 2275 1132 2312 πάντως,

438 2315 488 2344 καὶ
505 2313 590 2351 νόθα,
606 2316 655 2345 καὶ
673 2316 852 2353 ἀπόβλητα·
875 2318 925 2347 καὶ
951 2317 1039 2348 οὐδὲν
1060 2318 1132 2348 τού-

438 2368 510 2391 των,
526 2359 589 2387 τῶν
612 2357 797 2396 ἀποκρύφων
819 2358 968 2397 μάλιστα,
989 2359 1134 2399 ἔγκριτον

438 2398 458 2434 ἢ
471 2398 642 2437 ἐπωφελὲς·
655 2399 814 2439 ἐξαιρέτως
826 2403 883 2437 τῆς
896 2401 966 2432 νέας
978 2402 1132 2439 διαθήκης.

439 2440 525 2470 ἀλλὰ
551 2440 662 2478 πάντα,
695 2442 770 2481 δίχα
799 2445 861 2472 τῶν
889 2442 1031 2483 ἀνωτέρω
1068 2446 1132 2474 δια-

439 2482 624 2521 ληφθέντων
649 2484 698 2514 καὶ
726 2484 932 2524 ἐγκριθέντων
958 2486 1039 2524 παρὰ
1066 2488 1134 2517 τοῖς

439 2527 584 2556 παλαιοῖς
607 2527 716 2566 σοφοῖς
739 2527 789 2556 καὶ
812 2526 976 2566 πατράσιν,
1000 2527 1132 2565 ἀποκρυ-

439 2569 500 2605 φῆς
523 2569 650 2605 μᾶλλον
673 2569 692 2605 ἢ
719 2569 923 2607 ἀναγνώσεως
948 2571 986 2600 ὡς
1013 2570 1135 2606 ἀληθῶς

440 2609 519 2647 ἄξια·
541 2608 581 2639 τά
603 2622 640 2639 τε
665 2611 758 2646 ἄλλα,
779 2612 829 2641 καὶ
855 2612 932 2642 αὐτὰ
954 2612 994 2642 τὰ
1018 2611 1132 2642 καλού-

438 2663 516 2688 μενα
542 2653 574 2681 ἐν
605 2653 710 2684 αὐτοῖς
741 2653 924 2692 εὐαγγέλια,
952 2655 1042 2685 ἐκτὸς
1071 2656 1134 2685 τῶν

438 2693 674 2732 παραδοθέντων
698 2695 771 2733 ἡμῖν
797 2695 960 2735 τεσσάρων
984 2695 1130 2736 τούτων.]

440 2736 470 2765 S.
490 2736 589 2772 Hier„
614 2737 674 2776 Ep.
692 2739 744 2767 vii.
769 2739 807 2768 ad
832 2739 1135 2769 Laetam.—Caveat

440 2777 642 2817 Apomypha,
667 2802 673 2809 .
693 2802 699 2808 .
717 2803 724 2810 .
751 2782 867 2820 quibus
892 2782 994 2811 multa
1024 2782 1134 2812 vitiosa

440 2820 591 2849 admixta.
612 2820 677 2859 [Ut
690 2833 773 2861 supr.
790 2834 818 2862 p.
832 2825 884 2859 95,
901 2829 964 2854 not.
981 2823 1018 2864 1.]
1053 2824 1133 2854 Vide

440 2872 527 2891 num.
545 2863 600 2899 lx„
618 2864 675 2893 &a
695 2863 742 2903 [p.
761 2865 811 2899 70,
829 2870 891 2895 not.
910 2867 947 2895 ad
965 2867 1010 2896 lit.
1029 2866 1076 2906 b.]

483 2908 501 2925 u
526 2905 618 2935 Card.
635 2906 816 2944 cajetanus,
828 2908 860 2937 in
878 2909 940 2938 fine
953 2909 1134 2939 Comment.

439 2946 479 2975 ad
511 2946 631 2977 Histor.
656 2948 693 2978 V.
721 2953 751 2978 et
776 2949 818 2979 N.
844 2950 893 2986 T.,
924 2961 1019 2990 supra
1049 2952 1133 2981 citat.

442 2988 530 3028 [Vid.
555 3000 585 3029 p.
609 2992 659 3027 90,
684 2996 748 3021 not.
774 2992 814 3021 ad
838 2992 927 3028 lit.t;
953 2999 983 3023 et
1007 3004 1036 3033 p.
1064 2995 1135 3031 134,

1190 1138 1254 1164 not.
1266 1133 1312 1174 0.]
1361 1134 1411 1163 Ne
1428 1134 1563 1164 turberis
1580 1134 1708 1171 novitie,
1722 1134 1748 1164 si
1765 1134 1883 1164 alicubi

1189 1177 1326 1215 reperies
1339 1175 1527 1215 [repereris]
1537 1176 1633 1206 libros
1646 1177 1721 1206 istos
1735 1177 1817 1206 inter
1830 1187 1881 1206 ca-

1189 1218 1319 1248 nonicos
1331 1219 1508 1258 supputari,
1516 1218 1567 1248 vel
1578 1219 1610 1247 iu
1621 1219 1718 1248 sacris
1729 1219 1883 1255 conciliis,

1189 1261 1239 1290 vel
1268 1261 1301 1290 iu
1331 1261 1427 1290 sacris
1458 1261 1649 1290 doctoribus.
1711 1260 1815 1299 [Nam
1845 1262 1884 1291 ad

1191 1303 1379 1343 Hieronymi
1394 1303 1507 1332 limam
1522 1303 1701 1332 reducenda
1717 1308 1801 1339 sunt,
1818 1308 1884 1333 tam

1189 1346 1286 1375 verba
1314 1345 1535 1382 conciliorum,
1565 1355 1662 1384 quam
1698 1346 1861 1376 doctorum
1877 1359 1883 1382 ς

1190 1392 1233 1424 et,
1245 1388 1340 1427 juxta
1361 1388 1450 1417 illius
1466 1388 1655 1418 sententiam
1672 1388 1711 1417 ad
1729 1388 1883 1418 Chroma-

1190 1430 1271 1460 tium
1296 1436 1326 1460 et
1353 1431 1565 1460 Heliodorum
1592 1430 1785 1471 episcopos,]
1814 1431 1886 1461 libri

1190 1473 1254 1509 isti,
1271 1473 1318 1512 [et
1335 1473 1417 1512 siqui
1435 1473 1488 1503 alii
1505 1473 1624 1503 suntin
1638 1484 1757 1503 canone
1770 1474 1885 1503 Bibliae

1192 1515 1341 1555 similes‚]
1366 1526 1429 1546 non
1453 1521 1527 1546 sunt
1550 1516 1704 1552 canonici,
1730 1515 1806 1555 [hoc
1829 1522 1886 1553 est,

1193 1568 1255 1588 non
1284 1562 1359 1588 sunt
1384 1557 1573 1598 regulares,]
1601 1559 1639 1588 ad
1670 1559 1887 1589 confirmanda

1195 1600 1421 1640 [firmandum]
1438 1611 1474 1630 ea
1490 1611 1561 1640 quae
1580 1606 1655 1631 sunt
1672 1601 1781 1631 Fidei:
1809 1612 1883 1642 pos-

1193 1650 1266 1672 sunt
1284 1648 1389 1672 tamen
1406 1644 1468 1673 dici
1480 1644 1623 1674 canonici
1635 1643 1710 1683 [hoc
1723 1647 1777 1680 est,
1790 1654 1883 1683 regu-

1192 1684 1290 1724 lares]
1302 1685 1340 1714 ad
1351 1686 1593 1715 :edificationem
1604 1686 1746 1715 fidelium
1756 1699 1762 1721 ;
1776 1691 1887 1725 utpote

1191 1727 1224 1756 111
1240 1737 1359 1757 canone
1371 1727 1484 1757 Bibliae
1502 1728 1541 1757 ad
1557 1728 1615 1757 hoc
1630 1728 1747 1767 recepti
1762 1733 1793 1758 et
1808 1739 1883 1758 auc-

1192 1770 1296 1799 torati.
1322 1769 1406 1799 Cum
1420 1770 1477 1799 hac
1491 1769 1809 1809 [eni1n]dislinelz'one
1821 1771 1883 1801 dis-

1192 1822 1317 1841 cernere
1327 1812 1445 1852 poteris
1454 1813 1570 1851 scripta
1578 1812 1765 1852 Augustini,
1777 1813 1827 1852 [111
1836 1824 1884 1843 se-

1192 1854 1295 1884 cundo
1309 1854 1346 1883 de
1356 1855 1510 1884 Doctrina
1521 1854 1731 1894 Christiana,]
1742 1860 1772 1885 et
1784 1857 1884 1896 scrip-

1191 1900 1223 1926 ta
1236 1897 1268 1926 in
1285 1897 1472 1936 provinciali
1494 1898 1614 1936 synodo
1631 1897 1885 1936 Carthaginensi.

1194 1937 1374 1977 [Cajetan's
1397 1940 1499 1969 words
1523 1950 1592 1970 are:
1632 1939 1677 1969 Et
1706 1941 1823 1979 scripta
1852 1941 1886 1971 111

1192 1981 1326 2011 concilio
1338 1981 1522 2011 Florentino
1534 1983 1591 2012 sub
1604 1982 1751 2021 Eugenio
1762 1987 1885 2022 quarto,

1192 2024 1373 2063 scriptaque
1401 2025 1436 2053 in
1465 2024 1713 2064 provincialibus
1742 2026 1886 2056 conciliis

1193 2066 1441 2106 Carthaginensi
1479 2071 1510 2096 et
1548 2067 1748 2103 Laodicensi,
1780 2072 1810 2097 et
1847 2069 1886 2098 ab

1194 2108 1381 2139 Innocentio
1404 2114 1434 2139 et
1453 2109 1582 2139 Gelasio
1602 2109 1887 2149 Pontificibus]—

1194 2151 1301 2182 Quam
1313 2154 1532 2181 distinctionem
1547 2152 1719 2191 Cajetanus
1735 2152 1885 2193 desump-

1193 2194 1233 2222 sit
1258 2204 1296 2223 ex
1322 2194 1411 2224 Hier.
1428 2194 1556 2225 Praefat.
1574 2194 1606 2223 in
1623 2194 1716 2224 Prov.
1734 2194 1827 2234 [tom.
1842 2196 1887 2226 ix.

1193 2236 1250 2265 eol.
1281 2237 1500 2266 1293.-Haec
1530 2237 1592 2266 duo
1618 2237 1783 2267 volumina
1809 2237 1887 2277 legit

1193 2278 1372 2317 (Ecclesia)
1385 2280 1424 2308 ad
1440 2279 1684 2309 aedificationem
1701 2279 1813 2319 plebis,
1824 2290 1887 2310 11011

1192 2321 1230 2349 ad
1254 2321 1475 2351 auctoritatem
1493 2322 1792 2352 Ecclesiastieorum
1808 2322 1886 2362 (log-

1192 2368 1314 2392 matum
1343 2364 1591 2394 confirmandam
1605 2376 1611 2399 ;
1644 2364 1719 2403 &0.]
1752 2369 1782 2394 et
1810 2363 1883 2404 [ex]

1193 2404 1335 2439 Ruffino,
1360 2406 1392 2434 in
1417 2406 1537 2445 Expos.
1563 2407 1671 2445 Symb.
1691 2405 1839 2445 [Opusc.‚
1856 2417 1885 2446 p.

1194 2447 1395 2477 189.—Quae
1419 2449 1526 2478 onmia
1551 2448 1652 2488 (Sap,
1678 2449 1778 2485 Eccl.,
1797 2449 1886 2486 Tob„

1191 2488 1279 2523 Jud„
1292 2488 1448 2524 Maccab„
1459 2490 1579 2526 Herm„
1592 2490 1664 2529 &c.)
1676 2490 1741 2529 legi
1757 2491 1886 2530 quidem

1191 2530 1224 2558 in
1254 2530 1410 2560 Ecclesiis
1438 2532 1605 2561 voluerunt
1636 2532 1790 2571 (Patres,)
1823 2543 1886 2562 11011

1191 2576 1299 2601 tamen
1321 2573 1454 2611 proferri
1477 2573 1517 2602 ad
1541 2574 1761 2603 auctoritatem
1781 2584 1820 2604 ex
1836 2575 1886 2604 his

1193 2614 1283 2643 Fidei
1314 2615 1572 2644 confirmandam.
1634 2616 1775 2645 Caeteras
1813 2627 1886 2646 vero

1192 2656 1372 2695 Scripturas
1416 2657 1626 2697 Apocryphas
1669 2658 1885 2695 nominarunt,

1192 2708 1271 2737 quas
1287 2699 1320 2728 in
1338 2698 1493 2728 Ecclesiis
1509 2699 1571 2738 legi
1589 2700 1767 2730 noluerunt.
1804 2701 1886 2730 Haec

1191 2741 1282 2770 nobis
1304 2751 1322 2770 a
1344 2740 1492 2771 Patribus
1514 2742 1630 2771 tradita
1655 2742 1886 2781 sunt.]-——Vi‹le

1193 2793 1264 2822 quae
1281 2788 1431 2813 annotata
1454 2788 1529 2813 sunt
1548 2784 1585 2814 de
1602 2784 1774 2824 Scripturis
1791 2785 1884 2814 Divi-

1192 2825 1240 2854 nis
1257 2830 1286 2855 et
1303 2825 1461 2855 canonicis
1484 2826 1570 2865 large
1593 2827 1751 2866 sumptis;
1778 2837 1885 2866 supra,

1190 2878 1220 2907 p.
1241 2869 1309 2897 134.
1330 2867 1377 2906 [et
1394 2867 1500 2907 seqq.]

1237 2907 1250 2922 Χ
1277 2909 1427 2939 Bellarm.
1446 2911 1496 2940 De
1512 2910 1606 2940 Verb.
1626 2911 1698 2947 Dei,
1713 2911 1765 2942 lib.
1778 2912 1798 2941 i.
1817 2922 1883 2950 cap.

1192 2954 1240 2981 20.
1265 2956 1339 2981 sect.
1362 2953 1407 2981 At
1428 2953 1478 2982 de.
1502 2951 1593 2991 [tom.
1611 2954 1629 2982 i.
1656 2954 1715 2984 col.
1733 2953 1801 2993 80.]
1829 2954 1885 2983 Se-

1192 2995 1368 3033 quebantur
1385 2994 1470 3024 enim
1486 2996 1663 3026 versionem
1678 2996 1887 3036 Septuaginta
