1987 3244
406 268 491 307 248
837 269 876 308 A
899 270 1173 310 Scholastica
1190 270 1363 323 History
1385 269 1435 323 of

210 378 371 429 ΟῌΑΡ.
407 375 578 416 Church
608 375 643 416 is
673 380 750 417 not
781 377 881 431 only
908 377 1131 418 uncertain
1153 377 1246 418 who
1276 377 1329 418 be
1358 377 1432 418 the
1464 376 1637 418 authors
1668 377 1714 417 of
1738 376 1858 418 these

238 423 332 453 XVI.
404 443 551 494 books,
572 444 652 484 but
679 445 879 485 knoweth
908 449 997 495 not,
1020 445 1199 495 neither,
1223 445 1411 486 whether
1437 446 1539 499 they
1560 459 1669 486 were
1689 445 1859 485 written

405 511 461 566 by
491 512 565 552 the
599 512 756 552 dictate
790 513 873 552 and
907 512 1158 566 inspiration
1192 513 1239 553 of
1268 513 1342 553 the
1377 514 1492 567 Holy
1524 514 1684 563 Ghost3
1721 512 1857 553 which

403 579 555 619 taketh
573 594 686 633 away
704 580 777 619 the
794 580 1011 634 authority
1028 581 1074 620 of
1087 580 1159 620 the
1176 594 1311 621 canon
1328 581 1435 621 from
1452 582 1589 621 them:
1619 579 1858 634 secondlyh,

404 648 584 688 because
612 648 686 688 the
718 648 890 688 Church
917 648 952 688 is
980 663 1037 688 no
1072 649 1153 689 less
1181 650 1418 698 uncertain,
1441 650 1630 690 whether
1657 650 1777 690 there
1806 649 1860 689 be

404 720 481 756 not
515 716 743 756 somewhat
777 716 966 769 mingled
999 717 1100 756 with
1135 717 1255 757 these
1290 717 1424 758 books
1455 717 1512 771 by
1546 718 1741 767 heretics,
1776 717 1860 758 and

405 799 523 825 more
559 785 695 824 added
727 789 772 825 to
807 785 927 824 them
962 785 1068 825 than
1106 785 1178 825 the
1215 786 1307 826 first
1339 786 1500 826 writers
1534 786 1581 826 of
1611 786 1729 826 them
1766 799 1861 826 ever

405 853 634 893 intended:
669 853 925 906 whereupon
956 853 1009 893 he
1041 854 1324 905 concludethi,
1356 854 1451 894 that
1481 854 1555 894 the
1590 853 1766 894 Church
1797 867 1860 893 re-

406 921 569 961 ceiveth
591 920 674 961 and
698 921 948 974 permitteth
969 921 1087 961 them
1119 926 1164 962 to
1195 921 1247 962 be
1268 922 1369 962 read
1394 922 1453 975 (as
1475 935 1553 962 our
1574 921 1743 961 Church
1766 934 1860 960 now

408 988 527 1041 doth)
561 988 626 1028 for
655 1002 785 1042 many
817 988 971 1029 devout
1006 1003 1203 1042 passages
1234 990 1278 1029 in
1310 990 1441 1039 them,
1473 989 1552 1030 but
1583 989 1774 1041 obligeth
1804 1002 1860 1027 no

407 1070 509 1095 man
530 1056 782 1110 necessarily
803 1061 848 1097 to
868 1056 1027 1097 believe
1048 1057 1142 1097 that
1163 1057 1298 1097 which
1320 1058 1354 1098 is
1375 1058 1543 1098 therein
1565 1056 1863 1106 contained,—

408 1124 587 1164 because
615 1125 717 1178 they
739 1138 808 1164 are
838 1130 915 1165 not
946 1126 994 1165 of
1019 1126 1228 1166 sufficient
1258 1126 1371 1166 force
1402 1131 1446 1166 to
1476 1140 1603 1179 prove
1634 1140 1716 1178 any
1737 1125 1864 1177 thing

409 1191 504 1231 that
535 1191 643 1231 shall
672 1191 726 1232 be
757 1193 977 1232 contested
1007 1193 1053 1232 in
1084 1207 1161 1233 our
1181 1193 1357 1247 religion
1384 1193 1441 1246 by
1462 1208 1527 1243 US,
1550 1193 1716 1246 against
1739 1194 1863 1242 Jews,

410 1273 457 1300 or
490 1259 685 1300 heretics.
748 1260 984 1310 Moreover,
1022 1261 1076 1301 he
1115 1261 1450 1313 distinguisheth
1489 1262 1548 1313 (as
1584 1261 1658 1301 the
1694 1261 1864 1301 ancient

411 1327 587 1367 Fathers
610 1327 681 1367 did
702 1327 844 1368 before
854 1327 887 1381 ¹⁴)
912 1328 1105 1369 between
1127 1333 1210 1369 two
1232 1333 1340 1368 sorts
1361 1328 1409 1368 of
1431 1327 1684 1381 apocryphal
1704 1327 1863 1377 books3

410 1396 598 1436 whereof
625 1396 759 1437 some¹
794 1411 864 1437 are
899 1411 943 1437 so
976 1397 1123 1447 called,
1153 1397 1333 1437 because
1366 1397 1400 1437 it
1432 1396 1468 1436 is
1501 1401 1578 1436 not
1611 1396 1780 1447 known,
1803 1396 1867 1437 for

414 1545 601 1585 [scriptores
639 1546 766 1586 eorum]
807 1547 995 1577 dictaverint
1041 1558 1104 1578 eos.

412 1610 420 1618 .
443 1611 449 1618 .
478 1589 562 1618 Cum
579 1593 685 1618 autem
703 1590 866 1619 dubitatur
883 1591 966 1620 circa
983 1591 1107 1630 aliquos

410 1631 518 1667 libros,
536 1631 573 1660 de
591 1632 795 1671 scriptoribus
813 1643 932 1669 eorum,
950 1643 989 1662 an
1006 1633 1105 1672 Spiri-

410 1677 446 1702 tu
461 1674 577 1703 Sancto
594 1674 670 1703 moti
682 1675 755 1710 sint,
769 1675 920 1704 adimitur
936 1676 1108 1705 auctoritas

410 1716 550 1752 illorum,
577 1720 607 1745 et
625 1727 687 1745 non
709 1717 796 1755 ponit
817 1718 889 1747 illos
908 1718 1056 1747 Ecclesia
1076 1718 1109 1747 in

412 1769 532 1788 canone
547 1759 699 1788 librorum
716 1770 858 1789 suorum.

458 1801 471 1819 ‘³
498 1801 579 1831 Ibid.
607 1801 1011 1841 [ubilsuprff—Secundo,
1036 1803 1111 1842 quia

414 1843 562 1873 Ecclesia
575 1854 637 1873 non
655 1849 701 1874 est
717 1850 801 1874 certa
809 1845 892 1874 circa
907 1846 987 1874 tales
1002 1846 1111 1881 libros,

413 1896 466 1922 an,
482 1886 567 1915 ultra
588 1887 619 1915 id
636 1887 719 1926 quod
740 1887 921 1917 habuerunt
937 1899 954 1916 a
974 1888 1111 1927 propriis

414 1929 606 1963 auctoribus,
618 1929 759 1958 haeretici
776 1930 897 1969 aliquid
911 1931 1109 1966 miscuerint,

411 1971 462 2000 vel
480 1971 703 2001 subtraxerint.

412 2019 417 2030 ⁸
458 2012 465 2030 ³
491 2013 572 2043 Ibid.
614 2013 684 2053 [ubi
724 2014 968 2054 supr.]--Tales
1003 2020 1111 2045 autem

412 2056 511 2085 libros
532 2056 679 2085 Ecclesia
700 2058 822 2096 recipit,
847 2058 1033 2097 permittens
1059 2068 1112 2087 eos

416 2099 553 2137 singulis
570 2099 718 2128 fidelibus
739 2099 860 2138 legere:
889 2101 965 2140 Ipsa
985 2111 1112 2140 quoque

413 2141 446 2170 in
463 2141 576 2170 officiis
593 2142 659 2171 suis
676 2142 747 2171 illos
764 2143 842 2181 legit
861 2148 987 2182 propter
1008 2144 1111 2172 multa

415 2184 526 2212 devota
537 2194 608 2222 quae
622 2185 653 2213 in
666 2184 731 2213 illis
746 2185 910 2214 habentur.
938 2186 1110 2215 Neminem

414 2230 521 2254 tamen
539 2226 658 2265 obligat
670 2227 708 2255 ad
725 2228 902 2257 necessario
916 2229 1111 2258 credendum

414 2267 446 2296 id
464 2268 547 2306 quod
564 2269 606 2297 ibi
631 2269 778 2303 habetur;
806 2271 888 2300 sicut
902 2276 950 2300 est
968 2271 1006 2299 de
1022 2271 1112 2300 libris

417 2309 532 2348 [libro]
553 2310 624 2349 Sap.
644 2333 649 2339 .
666 2332 673 2339 .
692 2334 698 2340 .
716 2312 805 2341 Eccl.
821 2335 827 2341 .
846 2335 852 2341 .
870 2336 876 2342 .
896 2313 1060 2342 Maccab..
1079 2336 1086 2343 .
1104 2336 1111 2343 .

415 2352 489 2381 Jud.
516 2375 522 2381 .
538 2376 544 2382 .
563 2374 569 2380 .
588 2358 618 2382 et
645 2353 764 2382 Tobiae.
804 2354 862 2383 Isti
889 2356 973 2384 enim
997 2355 1071 2385 licet
1095 2367 1113 2385 a

417 2394 608 2423 Christianis
631 2395 832 2434 recipiantur,
855 2402 885 2426 et
909 2398 1051 2436 probatio
1075 2408 1113 2427 ex

416 2437 462 2465 eis
485 2442 612 2476 sumpta
631 2437 670 2466 sit
693 2437 874 2477 aliqualiter
897 2440 1018 2474 efficax,
1039 2441 1114 2478 quia

416 2479 564 2508 Ecclesia
584 2480 660 2508 istos
678 2479 774 2509 libros
792 2485 897 2513 tenet;
923 2487 1031 2511 contra
1046 2482 1112 2511 lize-

417 2521 533 2550 reticos
560 2528 675 2557 tamen,
702 2527 756 2552 aut
782 2523 947 2559 Hebraeos,
972 2525 1010 2552 ad
1040 2534 1112 2562 pro-

415 2563 556 2592 bandum
582 2574 627 2598 ea,
654 2575 725 2603 quae
752 2565 785 2594 in
813 2565 947 2594 dubium
972 2567 1113 2602 veniunt,

416 2615 479 2635 non
497 2611 571 2635 sunt
588 2607 739 2636 efficaces.

460 2647 472 2665 Β·
499 2648 597 2678 Num.
632 2648 738 2687 [lviii.,
768 2649 821 2684 lx„
850 2650 960 2685 lxxiv„
991 2650 1116 2687 lxxxii„

416 2690 597 2720 xci.——Vid.
616 2691 712 2720 etiam
728 2692 798 2722 infr.
818 2702 904 2721 num.
924 2693 1060 2732 clxviii]

460 2731 467 2748 ¹
493 2732 622 2768 Tostat.‚
638 2734 712 2763 ibid.
740 2740 851 2773 quaest.
873 2736 900 2764 3.
930 2734 999 2774 [ubi
1017 2745 1113 2775 supr.,

416 2779 492 2805 tom.
532 2776 576 2805 ix,
607 2776 659 2805 fol.
698 2777 829 2806 3.—Ad
866 2777 1111 2816 intelligentiam

416 2817 514 2856 hujus
539 2818 814 2855 considerandum,
840 2820 941 2859 quod]
968 2821 1038 2850 libri
1063 2821 1109 2850 di-

418 2865 536 2889 cuntur
573 2862 757 2900 Apocryphi
802 2863 979 2901 dupliciter.
1040 2864 1113 2893 Uno

418 2903 523 2938 modo,
555 2904 630 2942 quia
666 2914 728 2933 non
768 2910 889 2934 constat
927 2906 964 2935 de
1003 2916 1111 2935 eorum

419 2945 636 2984 scriptoribus,
662 2956 700 2975 an
724 2947 776 2986 Sp.
801 2948 833 2977 S.
851 2948 991 2978 dictante
1014 2949 1112 2988 scrip-

420 2988 527 3023 serint,
540 2993 570 3017 et
579 2989 673 3018 etiam
692 2999 753 3019 non
771 2995 894 3019 constat
903 2991 940 3020 de
956 2991 1113 3026 omnibu&

420 3040 491 3069 quae
508 3031 539 3060 in
556 3031 594 3060 iis
608 3031 774 3069 habentur,
791 3043 830 3062 an
845 3043 920 3063 vera
935 3034 1008 3063 sint.
1041 3034 1113 3063 Non

1165 1553 1213 1578 est
1229 1553 1334 1578 tamen
1351 1548 1383 1577 in
1397 1548 1440 1577 eis
1457 1548 1588 1587 aliquid,
1602 1548 1686 1588 quod
1698 1548 1865 1578 manifeste

1165 1591 1282 1620 falsum
1308 1591 1358 1627 sit,
1381 1591 1431 1620 vel
1455 1591 1538 1630 quod
1564 1591 1656 1620 valde
1679 1595 1865 1630 suspectum

1167 1634 1209 1663 sit
1233 1634 1270 1662 de
1298 1634 1447 1663 salsitate.
1495 1634 1570 1663 Alio
1596 1634 1690 1663 modo
1716 1634 1868 1663 dicuntur

1166 1676 1241 1705 libri
1258 1676 1455 1715 Apocryphi,
1473 1676 1511 1705 de
1528 1686 1664 1715 quorum
1681 1677 1864 1706 auctoribus

1168 1728 1230 1747 non
1248 1723 1380 1753 constat,
1399 1729 1438 1747 an
1458 1729 1475 1748 a
1492 1719 1561 1748 Deo
1578 1719 1642 1747 sint
1662 1719 1818 1758 inspirati,
1837 1723 1867 1748 et

1168 1761 1299 1800 insuper
1328 1760 1440 1795 multa,
1473 1771 1544 1800 quae
1570 1761 1728 1790 habentur
1754 1761 1786 1790 in
1811 1761 1866 1795 εἰς,

1172 1802 1221 1842 [in
1251 1803 1328 1842 ipsis
1358 1802 1475 1842 libris]
1509 1803 1558 1832 vel
1595 1809 1668 1832 suut
1699 1804 1868 1833 manifeste

1168 1845 1257 1881 falsa,
1269 1846 1320 1875 vel
1336 1846 1373 1875 de
1390 1856 1492 1875 errore
1508 1846 1599 1875 valde
1615 1851 1771 1885 suspecta.
1804 1846 1869 1875 Ac-

1171 1888 1315 1927 cipiendo
1342 1888 1445 1927 primo
1475 1889 1569 1917 modo
1595 1888 1693 1917 libros
1720 1889 1865 1927 Apocry—

1171 1931 1260 1969 phos,
1280 1931 1444 1970 Scriptura
1466 1941 1528 1960 non
1553 1931 1641 1970 ponit
1661 1931 1733 1960 illos
1758 1932 1790 1960 in
1813 1941 1864 1960 ca-

1171 1983 1254 2002 none
1278 1973 1432 2002 librorum
1455 1983 1596 2010 suorum,
1625 1974 1667 2002 ita
1691 1979 1726 2002 ut
1756 1974 1868 2003 debeat

1171 2016 1235 2044 illis
1250 2016 1326 2045 fides
1343 2016 1381 2045 de
1401 2017 1587 2045 necessitate
1610 2016 1769 2051 adhiberi3
1794 2026 1865 2055 per-

1171 2058 1271 2087 mittit
1294 2063 1400 2088 tamen
1431 2058 1611 2088 volentibus
1641 2059 1755 2096 legere,
1784 2059 1868 2098 quod

1170 2100 1290 2139 legant,
1319 2101 1393 2140 quia
1423 2111 1487 2130 non
1515 2101 1640 2130 videtur
1674 2101 1747 2130 inde
1777 2101 1867 2140 sequi

1171 2143 1299 2182 aliquod
1342 2144 1594 2173 inconveniens:
1634 2144 1702 2183 ipsa
1741 2154 1868 2183 quoque

1170 2185 1318 2215 Ecclesia
1348 2186 1419 2215 illos
1448 2186 1534 2225 legit.
1587 2186 1783 2225 Accipiendo
1816 2197 1866 2215 se-

1171 2229 1274 2258 cundo
1303 2229 1397 2257 modo
1428 2228 1635 2268 Apocryphos
1665 2229 1772 2264 libros,
1803 2239 1867 2258 non

1171 2271 1275 2300 solum
1296 2271 1443 2301 Ecclesia
1458 2282 1520 2300 non
1549 2271 1638 2310 ponit
1664 2271 1735 2300 illos
1758 2271 1791 2300 in
1815 2282 1867 2300 ca-

1170 2323 1262 2349 none,
1284 2314 1348 2343 imo
1376 2324 1434 2343 nec
1458 2314 1564 2353 aliquo
1588 2314 1681 2343 modo
1704 2315 1793 2353 ponit
1814 2324 1866 2343 eos

1172 2366 1245 2385 curn
1270 2356 1359 2385 libris
1377 2357 1451 2392 suis,
1468 2366 1526 2385 nec
1548 2356 1634 2395 legit,
1652 2367 1708 2386 nec
1732 2356 1866 2395 legenti-

1172 2399 1231 2428 bus
1244 2398 1345 2428 favet:
1373 2398 1536 2438 [licetnon
1551 2399 1680 2428 omnino
1696 2399 1869 2438 prohibeat.

1171 2441 1354 2471 Annuntiat
1372 2446 1479 2471 tamen
1500 2441 1564 2470 illis
1590 2441 1685 2470 libros
1705 2441 1777 2470 illos
1801 2452 1869 2470 esse

1171 2488 1334 2522 suspectos
1364 2484 1456 2513 valde
1486 2484 1523 2513 de
1551 2484 1641 2520 falso,
1673 2488 1708 2513 ut
1737 2489 1870 2513 caveant

1173 2526 1299 2564 quando
1319 2526 1464 2564 legerint,
1488 2531 1518 2555 et
1543 2526 1670 2555 videant
1694 2527 1810 2566 quibus
1829 2527 1865 2555 fi-

1172 2568 1244 2596 dem
1275 2567 1473 2606 adhibeant]
1530 2568 1638 2597 Primo
1669 2569 1762 2597 modo
1793 2573 1867 2598 sunt

1172 2610 1361 2648 Apocryplii
1380 2610 1449 2639 libri
1467 2610 1608 2648 quidam,
1626 2611 1680 2649 qui
1704 2616 1868 2650 ponuntur

1173 2658 1262 2681 extra
1300 2662 1452 2681 canonem
1491 2651 1531 2681 V.
1564 2653 1613 2687 T.‚
1642 2658 1868 2691 computantur

1173 2699 1279 2723 tamen
1293 2694 1376 2723 inter
1385 2694 1483 2723 libros
1495 2694 1527 2723 S.
1539 2694 1864 2733 Sc1¹iptnrae,scilieet‚

1172 2737 1252 2766 liber
1277 2736 1458 2776 sapientise,
1485 2742 1515 2766 et
1552 2737 1809 2772 Ecclesiasticus,
1837 2743 1868 2767 et

1171 2779 1296 2813 Judith,
1322 2784 1351 2808 et
1375 2779 1500 2814 Tobias,
1518 2785 1547 2808 et
1566 2779 1639 2808 libri
1665 2780 1866 2810 Maccabaeo-

1171 2832 1262 2851 rum:
1292 2822 1329 2851 de
1353 2822 1532 2851 auctoribus
1554 2823 1638 2851 enim
1663 2823 1777 2852 horum
1803 2833 1866 2852 non

1171 2869 1294 2894 constat
1319 2864 1485 2899 Ecclesiae‚
1513 2875 1553 2893 an
1582 2864 1634 2903 Sp.
1670 2866 1699 2893 S.
1732 2865 1870 2894 dictante

1172 2907 1373 2946 scripscrint;
1398 2917 1461 2936 non
1487 2913 1593 2936 tamen
1622 2908 1738 2947 reperit
1764 2907 1796 2936 in
1826 2908 1870 2936 eis

1173 2949 1294 2988 aliquid
1310 2949 1437 2985 falsum,
1454 2954 1508 2978 aut
1526 2950 1614 2979 valde
1631 2956 1813 2989 suspectum
1832 2950 1870 2978 de

1172 2992 1310 3021 falsitate
1326 3004 1332 3026 ς
1359 2992 1412 3021 sed
1428 2992 1532 3031 potius
1551 2993 1580 3021 in
1604 2992 1648 3021 eis
1664 2999 1711 3022 est
1728 2992 1869 3021 doctrina

1174 3035 1310 3073 copiosa,
1319 3039 1437 3070 sancta,
1449 3040 1479 3064 et
1493 3035 1620 3064 devota:
1640 3035 1710 3064 ideo
1722 3034 1868 3064 Ecclesia
