1987 3244
534 208 599 246 tlte
625 208 763 246 Canon
784 206 833 258 of
845 207 911 246 the
933 207 1178 258 Scriptures.
1527 211 1578 250 81

130 306 290 349 Therey
314 311 398 351 and
421 311 664 351 elsewherez
690 311 839 363 (thrice
866 311 912 351 in
940 311 994 351 all
1015 312 1084 352 for
1104 311 1267 364 failing)
1299 313 1352 353 lie
1379 315 1581 355 number-

130 375 203 414 eth
224 376 297 416 the
318 377 449 418 books
481 379 528 419 of
551 379 624 419 the
654 379 736 419 Old
758 379 1006 419 Testament
1037 393 1081 418 as
1112 393 1172 419 we
1204 379 1256 419 do
1287 394 1394 430 now,
1424 382 1509 421 and
1537 397 1581 422 as

129 441 203 483 the
226 444 401 485 Fathers
423 446 470 486 of
492 446 564 486 the
586 446 801 486 Christian
824 446 994 486 Church
1015 446 1098 486 had
1121 447 1230 487 done
1249 447 1392 488 before
1413 449 1515 499 him,
1537 455 1582 490 to

130 509 182 550 be
207 511 375 552 neither
395 527 511 553 more
531 528 611 553 nor
631 514 712 553 less
738 514 788 566 (if
803 514 877 554 the
898 515 976 554 five
999 513 1153 554 double
1174 513 1304 554 books
1325 515 1378 555 be
1398 516 1583 557 reduced

128 581 173 617 to
195 578 268 618 the
291 579 471 620 Hebrew
495 583 688 634 account)
714 581 818 621 than
838 586 1117 635 twenty-two.
1180 582 1241 622 Of
1257 582 1395 632 Tobit,
1415 583 1441 622 J
1445 584 1581 634 udith,

130 642 313 695 Baruch,
337 647 421 687 and
442 648 516 688 the
537 648 799 697 Maccabeos,
826 649 880 690 he
908 649 1083 689 maketh
1105 649 1205 689 here
1233 663 1290 690 no
1318 651 1510 700 mention
1539 657 1584 693 at

130 711 198 761 all,
221 726 300 753 nor
320 728 403 768 any
418 715 556 756 where
578 716 662 756 else
682 716 860 756 besides,
923 717 985 756 Of
1000 717 1073 757 the
1087 717 1281 757 Wisdom
1304 717 1352 757 of
1369 716 1583 770 Solomon,

130 780 214 819 and
236 780 309 821 the
331 782 524 823 Wisdom
545 784 592 823 of
607 784 681 824 the
703 798 779 824 son
801 784 847 824 of
865 784 1025 834 Sirach‚
1047 784 1101 824 he
1123 784 1339 824 declareth
1357 787 1583 840 expressly‚

129 852 205 887 not
237 849 336 901 only
363 849 458 890 that
488 851 590 904 they
617 851 669 892 be
697 851 801 891 both
828 851 1067 891 “doubtful
1094 851 1351 904 writings³,”
1380 853 1459 893 but
1489 854 1585 894 that

129 914 255 969 theyb
288 930 358 956 are
392 921 506 958 “not
538 923 583 959 to
615 918 668 959 be
701 919 886 959 counted
920 919 1069 959 within
1105 919 1178 959 the
1215 919 1399 960 number
1434 921 1482 961 of
1510 922 1584 962 the

172 1017 186 1036 y
222 1013 345 1061 ,Epiph’
376 1016 466 1047 Haer.
497 1019 525 1048 8.
558 1023 667 1048 contra
695 1019 827 1065 Epicur.

131 1055 202 1095 [lib.
221 1056 238 1085 i.
265 1062 341 1086 tom.
364 1059 383 1088 i.
409 1069 437 1098 p.
458 1059 654 1098 19.-ἕσχον
679 1060 712 1091 δὲ
741 1065 826 1091 οὑτοι

131 1098 160 1128 οἱ
188 1098 331 1129 Ἰουδαῖοι
362 1100 436 1140 ἄχρι
465 1103 522 1138 τῆς
553 1102 612 1132 ἀπὸ
640 1106 827 1138 Βαβυλῶνος

131 1139 348 1179 αἰχμαλωσίας
375 1142 534 1181 ἐπανόδου,
558 1144 692 1179 βίβλους
716 1158 753 1175 τε
776 1146 826 1176 καὶ

129 1183 292 1221 προφήτας
321 1183 462 1222 τούτους,
489 1187 539 1216 καὶ
573 1190 742 1227 προφητῶν
775 1187 825 1222 βί-

129 1227 228 1259 βλους
264 1225 393 1258 ταύτας·
430 1229 556 1267 πρώτην
592 1229 650 1266 μὲν
691 1229 827 1266 Γένεσιν,

130 1268 276 1306 δευτέραν
301 1268 333 1298 δὲ
357 1270 496 1308 “Ἐξοδον,
521 1270 633 1309 τρίτην
654 1272 826 1308 Λευιτικὸν,

130 1308 290 1349 τετάρτην
311 1311 482 1350 Ἀριθμοὺς,
505 1313 652 1350 πέμπτην
673 1319 829 1353 Δευτερο-

131 1363 245 1389 νομιον,
263 1351 358 1390 ἕκτην
382 1353 500 1389 βίβλον
522 1357 628 1392 Ἰησοῦ
651 1358 707 1386 τοῦ
728 1358 826 1393 Ναυῆ,

132 1394 269 1431 ἑβδόμην
285 1397 347 1425 τῶν
370 1399 498 1435 Κριτῶν,
522 1397 639 1436 ὀγδόην
656 1411 713 1433 της
730 1398 825 1434 Ροὺθ,

132 1435 246 1473 ἐνάτην
259 1439 315 1467 τοῦ
330 1438 412 1475 Ἰὼβ,
431 1440 566 1476 δεκάτην
581 1440 619 1470 τὸ
637 1441 827 1480 Ψαλτήριον,

131 1477 301 1516 ἑνδεκάτην
325 1480 492 1520 Παροιμίας
518 1484 734 1520 Σολομῶντος,
758 1485 826 1513 δυο-

131 1520 319 1558 καιδεκάτην
334 1523 599 1561 Ἐκκλησιαστὴν,
611 1524 825 1564 τρισκαιδεκά-

129 1575 190 1598 την
207 1562 272 1593 τὸ
262 1566 377 1602 Ἀισμα
397 1568 459 1595 τῶν
474 1565 631 1606 ᾳσμάτων,
648 1578 825 1606 τεσσαρεσ-

131 1604 317 1642 καιδεκάτην
329 1607 453 1644 πρωτην
465 1611 648 1645 Βασιλειῶν,
661 1622 825 1639 πεντεκαι-

130 1646 265 1684 δεκάτην
280 1649 429 1688 δευτέραν
445 1653 626 1688 Βασιλειῶν,
644 1650 824 1682 ἑκκαιδεκά-

128 1702 188 1726 την
197 1692 306 1730 τρίτην
314 1694 497 1729 Βασιλειῶν,
505 1692 773 1730 επτακαιδεκατην
779 1707 828 1724 τε-

129 1731 247 1771 τάρτην
262 1734 445 1770 Βασιλείων,
463 1734 734 1773 ὀκτωκαιδεκάτην
745 1736 827 1775 πρώ-

129 1786 189 1810 την
221 1776 512 1814 Παραλειπομένων,
550 1777 828 1815 ἐννεακαιδεκάτην

129 1817 276 1856 δευτέραν
300 1818 591 1858 Παραλειπομένων,
617 1820 766 1857 εἷκοστην
789 1821 827 1851 τὸ

129 1860 431 1900 Δωδεκαπρόφητον,
456 1863 604 1899 εικοστην
625 1863 752 1902 πρωτην
773 1863 826 1893 H-

129 1901 222 1931 σαίάν
236 1903 293 1932 τὸν
309 1904 489 1942 Προφητην,
508 1905 655 1941 εἰκοστὴν
680 1905 828 1945 δευτέραν

128 1943 185 1973 τὸν
201 1945 372 1984 Προφήτην
394 1946 545 1986 Ιερεμίαν
567 1948 647 1984 μετὰ
668 1950 731 1977 τῶν
754 1948 825 1986 θρή-

129 1998 188 2016 νων
204 1986 254 2016 καὶ
271 1988 448 2018 ἐπιστολῶν
464 1990 558 2019 αὐτοῦ
574 2002 610 2019 τε
625 1989 675 2019 καὶ
690 1991 747 2019 τοῦ
766 1994 825 2020 Βα-

127 2027 218 2067 ρούχ·
256 2028 404 2066 εἷκοστην
439 2032 549 2069 τρίτην
580 2030 734 2069 Ἰεζεκιηλ
770 2031 828 2061 τὸν

130 2070 309 2109 Προφήτην,
335 2071 484 2108 εἰκοστὴν
518 2072 675 2112 τετάρτην
705 2073 827 2109 Δανιὴλ

128 2112 184 2142 τὸν
220 2113 402 2152 Προφήτην,
431 2113 579 2151 εἰκοστὴν
611 2115 758 2153 πέμπτην
790 2115 827 2145 τὸ

128 2156 251 2193 πρῶτον
279 2155 410 2189 βιβλίον
435 2158 493 2186 τοῦ
522 2157 646 2196 Ἐσδρᾶ,
679 2157 828 2193 εἰκοστὴν

130 2196 226 2233 ἕκτην
255 2197 292 2227 τὸ
324 2197 471 2236 δεύτερον
506 2200 645 2236 βιβλίον,
680 2199 828 2236 εἰκοστὴν

130 2238 269 2276 ἑβδόμην
289 2239 326 2268 τὸ
351 2242 480 2274 βιβλίον
503 2241 628 2280 Ἐσθήρ.
663 2242 712 2272 καὶ
738 2242 827 2272 αὗται

130 2280 211 2310 εἷσὶν
233 2282 264 2310 αἱ
290 2281 472 2312 εἰκοσιεπτὰ
495 2283 615 2319 βίβλοι,
633 2285 664 2314 αἱ
689 2285 723 2314 ἐκ
748 2285 828 2314 Θεοῦ

130 2324 268 2353 δοθεῖσαι
284 2325 350 2354 τοῖς
366 2324 532 2356 Ἰουδαίοις.
559 2325 713 2356 εἰκοσιδύο
739 2326 770 2356 δὲ
788 2327 827 2357 ὡς

129 2366 170 2395 τὰ
185 2367 255 2405 παρ’
279 2367 383 2397 αὐτοις
408 2378 554 2406 στοιχεια
578 2370 641 2398 τῶν
656 2368 827 2407 Ἑβραϊκῶν

128 2406 319 2446 ’γραμμάτων
335 2408 559 2447 ἀριθμούμεναι,
578 2410 626 2440 διὰ
641 2410 677 2440 τὸ
700 2412 825 2440 διπλοῦ-

129 2452 199 2479 σθαι
216 2449 290 2480 δέκα
306 2451 440 2486 βίβλους
457 2451 499 2483 εἰς
523 2452 617 2483 πέντε
641 2452 826 2490 λεγομένας.

129 2491 196 2531 περὶ
213 2492 328 2523 τούτου
344 2492 376 2523 δὲ
399 2494 483 2534 ἄλλῃ
500 2507 559 2525 που
579 2497 687 2534 σαφῶς
702 2494 823 2534 εἰρήκα-

127 2546 194 2572 μεν.
220 2533 280 2564 εἶσὶ
297 2534 328 2565 δὲ
355 2536 404 2566 καὶ
426 2526 523 2567 ἄλλαι
545 2537 598 2567 δύο
622 2537 732 2572 βίβλοι
755 2538 824 2577 παρ’

129 2576 233 2607 αὐτοῖς
248 2578 281 2606 ἐν
292 2577 485 2617 ἀμφιλέκτῳ,
499 2579 518 2615 ἡ
532 2579 632 2617 Σοφία
643 2581 700 2609 τοῦ
714 2580 825 2619 Σιρὰχ,

129 2618 210 2648 ocal‘
197 2631 216 2654 η
232 2620 288 2648 τοῦ
314 2622 528 2658 Σολομῶντος,
545 2634 638 2660 χωρις
655 2622 762 2652 ἄλλων
777 2634 823 2651 τι-

129 2663 188 2690 νῶν
213 2662 348 2695 βιβλίων
373 2663 602 2702 ἐναποκρύφων
627 2676 654 2694 κ.
667 2677 695 2693 τ.
707 2664 756 2703 λ.]
797 2668 827 2693 et

130 2702 220 2732 Haer.
244 2705 294 2735 76.
320 2709 427 2734 contra
450 2706 632 2736 Anomoeos.
661 2706 717 2745 [al.
738 2706 825 2735 Haer.

129 2746 179 2774 56.
191 2745 243 2776 lib.
255 2746 296 2775 iii.
308 2751 381 2776 tom.
394 2748 412 2776 i.
432 2748 784 2787 Vid.p.94l.confut1t.
798 2749 826 2777 5.

128 2787 233 2816 -ἔδει
247 2799 283 2817 σε
298 2788 494 2820 διελθόντα
482 2791 532 2819 απ’
555 2790 655 2829 ἀρχῆς
673 2790 828 2828 ’γενέσεως

129 2828 248 2863 κόσμου
264 2829 337 2869 ἄχρι
351 2833 414 2861 τῶν
429 2834 486 2867 τῆς
502 2831 620 2872 Αισθηρ
643 2832 775 2871 χρόνων,
795 2833 828 2861 ἐν

130 2871 228 2900 εἴκοσι
251 2872 300 2900 καὶ
325 2873 406 2903 ἑπτὰ
426 2874 552 2909 βίβλοις
572 2876 706 2905 παλαιᾶς
723 2875 822 2909 διαθή-

129 2924 196 2948 κης,
215 2913 312 2943 ε’ίκοσι
329 2914 381 2944 δύο
398 2915 641 2954 ἀριθμουμέναις
665 2929 690 2948 κ.
701 2929 728 2947 τ.
739 2922 768 2946 λ.
792 2921 827 2946 ut

128 2954 198 2984 infr.
218 2964 246 2993 p.
266 2956 316 2985 82.
334 2962 397 2986 not.
418 2958 456 2987 ad
475 2959 518 2988 lit.
538 2958 578 2997 f.]

186 3015 298 3037 cosm.

929 1023 939 1036 ²
964 1019 1024 1055 Id„
1046 1019 1100 1049 lib.
1124 1020 1162 1050 de
1190 1020 1296 1050 Mens.
1313 1025 1343 1050 et
1367 1021 1580 1052 P0nd.—Ha—

886 1061 963 1091 bent
987 1061 1118 1091 Hebraei
1143 1062 1219 1091 xxii.
1238 1062 1358 1099 literas,
1378 1074 1394 1092 e
1418 1064 1535 1102 quibus
1556 1076 1584 1094 v.

886 1104 1102 1143 duplicantur.
1151 1104 1226 1135 Qua
1242 1106 1365 1134 ratione
1382 1116 1482 1144 quum
1507 1107 1583 1136 xxii.

885 1146 959 1175 libri
989 1151 1207 1182 numerentur,
1238 1147 1336 1177 xxvii.
1370 1149 1583 1187 reperiuntur,

886 1189 962 1227 quia
973 1198 1011 1217 ex
1022 1189 1086 1218 illis
1098 1189 1239 1228 quinque
1251 1190 1471 1227 geminentur:
1495 1196 1584 1229 puta,

885 1230 965 1259 liber
979 1231 1070 1260 Ruth
1088 1241 1161 1260 cum
1178 1231 1333 1260 Judicum
1350 1232 1430 1261 libro
1448 1234 1582 1272 conjun-

885 1272 983 1311 gitur,
1000 1277 1031 1302 (τί
1048 1283 1132 1302 unus
1150 1273 1188 1302 ab
1205 1273 1354 1303 Hebraeis
1378 1280 1538 1311 censetur,
1558 1277 1582 1305 l.

887 1314 1025 1354 Paralip.
1044 1325 1118 1344 cum
1134 1315 1320 1354 posteriore,
1336 1316 1392 1346 &c.
1435 1316 1585 1355 (Peracta

887 1358 1136 1393 enumeratione,
1186 1358 1366 1387 concludit:
1372 1358 1383 1397 )
1441 1360 1582 1399 ἐπληρώ-

887 1401 986 1434 θησαν
1009 1398 1063 1429 οὖν
1088 1400 1118 1429 αῖ
1143 1398 1296 1430 εἰκοσιδύο
1326 1399 1449 1436 βίβλοι,
1473 1413 1499 1431 κ.
1511 1414 1538 1431 τ.
1552 1407 1582 1432 A.

888 1441 1047 1480 Completi
1070 1442 1179 1489 itaque
1204 1446 1279 1471 sunt
1301 1443 1378 1472 xxii.
1403 1443 1474 1472 libri
1491 1445 1585 1483 juxta

886 1493 1059 1513 numerum
1092 1484 1168 1513 xxii.
1208 1494 1246 1523 ap
1249 1484 1293 1513 ud
1324 1485 1482 1514 Hebraeos
1519 1486 1582 1515 ele-

885 1530 1079 1555 mentorum.
1126 1525 1215 1564 [Vid.
1227 1495 1316 1556 psect.
1342 1528 1370 1556 4.
1395 1532 1470 1556 tom.
1496 1528 1528 1557 ii
1554 1539 1582 1568 p.

890 1569 944 1597 161
954 1568 1105 1597 .-ε’[κοσι
1127 1567 1187 1607 ’γὰρ
1207 1568 1258 1598 καὶ
1282 1566 1335 1598 δύο
1360 1569 1472 1607 ἔχουσι
1494 1581 1581 1600 στοι-

885 1609 982 1648 χείων
994 1609 1143 1647 νοήματα’
1166 1608 1261 1640 πέντε
1286 1609 1321 1640 δέ
1342 1610 1420 1641 εἰσιν
1436 1612 1467 1650 ἐξ
1484 1613 1584 1642 αὐτῶν

886 1650 1089 1689 διπλούμεναι
1106 1675 1113 1681 .
1131 1675 1138 1681 .
1150 1674 1157 1681 .
1172 1675 1178 1682 .
1198 1654 1243 1682 διὸ
1259 1652 1309 1682 καὶ
1326 1665 1355 1683 αι
1368 1654 1490 1690 βίβλοι,
1504 1654 1585 1685 κατὰ

884 1695 999 1724 τοῦτον
1018 1694 1074 1724 τὸν
1093 1693 1218 1733 τρόπον,
1244 1693 1398 1726 εἰκοσιδύο
1422 1695 1480 1733 μὲν
1502 1697 1582 1734 ἀριθ-

884 1737 1026 1774 μοῦνται,
1044 1736 1226 1767 εἰκοσιεπτὰ
1250 1736 1283 1767 δὲ
1309 1737 1515 1776 εὑρίσκονται,
1537 1739 1585 1769 διὰ

884 1778 922 1809 τὸ
938 1778 1033 1808 πέντε
1049 1780 1080 1816 ἐξ
1097 1780 1198 1809 αὐτῶν
1209 1781 1406 1810 διπλοῦσθαι·
1428 1780 1582 1811 συνοίπτε-

885 1833 938 1851 ται
953 1820 1014 1860 ’γὰρ
1031 1821 1049 1856 ἡ
1066 1820 1154 1851 Ῥοὺθ
1169 1823 1235 1852 τοῖς
1248 1824 1381 1861 Κριταις,
1395 1822 1431 1853 τὸ
1448 1823 1584 1862 ἇριθμει-

885 1875 936 1893 ται
951 1863 1021 1902 παρ’
1038 1863 1194 1903 Ἑβραίοις
1209 1864 1264 1901 μία
1279 1863 1403 1898 βίβλος·
1428 1865 1583 1895 συνάπτε-

885 1917 937 1935 ται
966 1917 985 1941 η
1017 1905 1122 1945 πρώτη
1146 1908 1210 1935 τῶν
1236 1906 1519 1944 Παραλειπομένων
1544 1910 1585 1947 τῇ

886 1946 1023 1986 δευτέρᾳ,
1042 1947 1091 1977 καὶ
1108 1946 1240 1985 λέγεται
1255 1947 1311 1985 μία
1326 1948 1451 1982 βίβλος
1476 1961 1502 1979 κ.
1513 1961 1542 1978 τ.
1552 1956 1582 1979 λ.

888 1989 978 2026 (vid.
997 1990 1201 2027 ΟἳιῖῑῃΙορςιιιη
1220 2000 1305 2028 supr.
1332 1990 1420 2020 Haer
1440 1993 1467 2021 8.
1486 1997 1584 2021 contr.

888 2031 1035 2070 Epicur.)
1063 2031 1290 2069 ἐπληρωθησαν
1311 2030 1365 2061 οὖν
1380 2033 1411 2061 αἱ
1432 2032 1585 2063 εἰκοσιδύο

886 2073 996 2107 βίβλοι
1018 2073 1100 2102 κατὰ
1123 2073 1180 2102 τὸν
1202 2073 1327 2112 ἀριθμὸν
1349 2076 1412 2103 τῶν
1430 2074 1584 2105 εἰκοσιδύο

887 2114 1053 2153 στοιχείων
1069 2115 1138 2154 παρ’
1155 2114 1318 2153 Ἑβραίοις.
1345 2116 1376 2145 αἱ
1391 2116 1452 2156 ’γὰρ
1466 2118 1584 2156 στιχή-

886 2169 956 2196 ρεις,
975 2169 1001 2187 κ.
1014 2169 1042 2186 τ.
1054 2163 1084 2187 λ.
1103 2163 1137 2186 ut
1151 2157 1265 2197 iufra]

929 2204 943 2219 ⁸
960 2200 972 2219 b
1000 2199 1059 2235 Id„
1084 2199 1160 2229 ibid.
1204 2200 1285 2229 Sunt
1311 2200 1342 2229 in
1371 2201 1586 2239 ambiguo:—

888 2241 949 2279 (Et
966 2242 1106 2281 exempli
1122 2242 1223 2281 gratia
1248 2243 1367 2281 profert
1389 2244 1584 2283 Sapientiam

888 2284 1009 2319 sirach,
1037 2289 1067 2313 et
1092 2284 1283 2319 Salomonis,
1308 2285 1391 2314 inter
1415 2286 1583 2325 caeteros;)

888 2326 952 2357 Qui
966 2326 1036 2355 libri
1050 2326 1185 2365 (inquit)
1199 2327 1256 2356 etsi
1271 2327 1366 2356 utiles
1381 2328 1443 2358 sint
1456 2334 1485 2358 et
1497 2339 1584 2357 com-

885 2368 985 2404 modi,
1001 2374 1107 2398 tamen
1132 2369 1164 2398 in
1190 2379 1361 2399 numerum
1385 2376 1585 2410 receptorum

886 2421 949 2439 non
969 2412 1160 2447 referuntur,
1177 2421 1280 2450 neque
1304 2412 1335 2441 in
1361 2423 1466 2442 arcam
1496 2413 1585 2442 tosti-

885 2453 985 2482 monii
1002 2454 1131 2493 repositi
1147 2454 1286 2484 fuerunt.
1339 2453 1426 2493 [Vid.
1450 2456 1535 2485 Haer.
1556 2457 1583 2485 8.

885 2495 941 2525 lib.
958 2495 976 2525 i.
1001 2502 1076 2526 tom.
1094 2496 1112 2526 i.
1138 2506 1167 2535 p.
1193 2497 1239 2525 19.
1276 2495 1335 2526 εἰσὶ
1361 2495 1393 2526 δὲ
1418 2497 1467 2527 καὶ
1489 2498 1585 2527 ἄλλαι

885 2536 938 2567 δύο
961 2537 1071 2572 βίβλοι
1096 2538 1167 2577 παρ’
1195 2538 1300 2568 αὐτοῖς
1330 2539 1363 2568 ἐν
1389 2539 1584 2577 ἀμφιλέκτῳ,

884 2578 903 2615 ἡ
921 2579 1022 2618 Σοφία
1037 2581 1093 2609 τοῦ
1115 2579 1227 2618 Σιρὰχ,
1243 2580 1292 2610 καὶ
1310 2579 1329 2615 ἡ
1345 2583 1402 2610 τοῦ
1418 2584 1582 2619 Σολομῶν-

884 2633 947 2657 τος,
979 2628 1072 2652 κ.τ.λ.
1105 2627 1140 2651 ut
1172 2623 1348 2661 sulm—Et
1378 2624 1439 2653 vid.
1469 2625 1521 2653 111).
1550 2624 1586 2653 de

886 2664 992 2693 Mens.
1016 2671 1047 2693 et
1072 2664 1183 2699 Pond„
1209 2670 1284 2693 tom.
1309 2665 1339 2694 ii.
1369 2676 1397 2705 p.
1434 2668 1502 2701 162,
1533 2666 1586 2695 ubi

887 2716 990 2744 supra.
1018 2707 1049 2736 αι’
1067 2706 1127 2745 ’γὰρ
1143 2706 1303 2744 στιχ-ίγρεις
1318 2706 1371 2737 δύο
1388 2707 1508 2742 βίβλοι,
1521 2709 1539 2744 ἥ
1550 2721 1586 2737 τε

886 2749 943 2777 τοῦ
960 2751 1175 2785 Σολομῶντος,
1189 2748 1207 2784 ἡ
1222 2747 1402 2786 Πανάρατος
1415 2756 1471 2786 λε’)
1479 2750 1584 2786 ομένη,

887 2790 936 2819 καὶ
953 2789 971 2825 ἡ
987 2792 1043 2819 τοῦ
1060 2792 1164 2826 Ἰησοῦ
1177 2792 1234 2819 τοῦ
1249 2791 1314 2820 υἱοῦ
1328 2792 1438 2830 Σιροὶχ,
1455 2793 1586 2828 ἐκγόνου

886 2831 918 2860 δὲ
935 2833 992 2861 τοῦ
1007 2833 1123 2868 Ἰησοῦ,
1137 2833 1194 2862 τοῦ
1211 2833 1261 2862 καὶ
1275 2834 1333 2868 τῆν
1346 2834 1582 2872 σοφίανἹ-’.βρα-

886 2873 949 2903 ϊστὶ
967 2873 1156 2912 Ἶράψαντος,
1174 2874 1211 2909 ἣν
1229 2877 1244 2904 ὁ
1262 2874 1390 2912 ἔκγονος
1413 2877 1506 2905 αὐτοῦ
1524 2878 1583 2910 '1⁷7-

886 2916 960 2946 σοῦς
977 2915 1169 2954 ἑρμηνεύσας
1185 2916 1369 2952 Ἑλληνιστὶ
1388 2917 1514 2957 ἔγραψε,
1535 2917 1587 2946 καὶ

886 2955 975 2987 αὑται
999 2958 1148 2996 χρήσιμοι
1171 2957 1228 2996 μέν
1253 2958 1323 2995 εἶσι,
1346 2960 1395 2989 καὶ
1422 2958 1585 2997 ὠφέλιμοι,

1652 329 1745 350 ΤΕΞΤ.

1622 372 1719 393 CENT.
1739 372 1782 392 1v.
