1987 3244
525 214 591 254 the
619 213 759 255 Canon
779 213 830 266 os
841 215 907 254 the
929 214 1178 267 Scriptures.
1492 218 1574 257 283

121 320 207 361 and
226 320 301 362 the
322 320 491 362 decrees
511 320 559 361 of
573 320 646 362 the
667 321 835 362 council
855 320 903 362 of
919 320 1056 363 Trent
1077 322 1285 376 together,
1308 323 1363 364 all
1383 323 1476 366 into
1497 338 1578 366 one
1618 343 1770 366 consen„

121 390 207 431 and
227 391 300 431 the
322 404 437 431 same
458 389 593 431 Creed
608 407 620 441 3
651 389 831 431 without
848 389 998 440 which,
1017 391 1261 444 (according
1280 397 1325 432 to
1342 392 1452 433 their
1472 407 1577 444 new,
1598 387 1792 427 A—-T
1658 387 1785 408 ruem.

121 513 253 553 praefici,
277 514 328 544 vel
352 513 469 554 quibus
492 514 531 543 de
553 513 683 544 illarum
711 513 816 553 digni·
876 513 1023 544 stolicam
1055 513 1260 544 Ecclesiam:
1297 514 1450 545 confiteor
1475 525 1576 546 unum

121 557 251 593 tatibus,
268 557 517 592 canonicatibus,
536 562 565 587 et
589 557 660 586 aliis
682 557 816 596 quibus-

122 609 249 639 cunque
262 600 426 630 beneficiis
442 599 692 636 EcclesiasticiS,
708 609 818 629 curam

121 642 303 672 animarum
329 643 531 678 habentibus,
556 642 715 682 provideri
740 653 816 672 con-

121 685 235 724 tinget,
251 685 415 725 publicam
439 686 624 716 orthodoxae
648 685 721 715 fidei
746 695 816 725 pro-

121 727 294 758 fessionem
324 729 437 765 facere,
462 739 559 768 seque
594 729 627 758 in
659 728 817 758 Romanae

122 769 281 800 Ecclesiae
293 771 473 801 obedientia
483 781 707 811 permansuros
722 781 816 810 spon-

123 813 207 850 dere,
220 814 377 853 etjurare‚
387 819 573 850 teneantur;
593 814 661 844 Nos
675 814 818 844 volentes

122 856 218 885 etiam
239 867 294 896 per
310 867 540 897 quoscumque,
557 857 674 895 quibus
689 857 728 887 de
749 867 815 887 mo-

122 899 281 932 nasteriis.
296 900 516 935 conventibus,
529 900 687 935 domibus,
699 904 729 929 et
744 900 817 929 aliis

122 941 381 981 quibuscumque
398 942 486 979 locis,
504 943 718 982 Regularium
736 952 815 982 quo-

121 993 337 1024 rumcumque
367 985 540 1022 Ordinum,
570 985 666 1015 etiam
698 985 818 1015 milita-

122 1026 426 1067 rium,quocumque
434 1029 563 1058 nomine
571 1028 621 1058 vel
630 1028 736 1065 titulo,
743 1039 816 1068 pro-

122 1070 293 1107 videbitur,
310 1071 396 1100 idem
415 1072 550 1106 servari;
576 1076 607 1101 et
619 1072 659 1101 ad
674 1071 763 1111 hoc,]
784 1076 820 1101 ut

122 1113 220 1142 unius
237 1114 380 1153 ejusdem
397 1114 470 1144 fidei
486 1114 639 1154 professio
649 1114 818 1144 uniformi-

122 1159 171 1185 ter
197 1156 236 1185 ab
264 1157 412 1186 omnibus
437 1157 634 1194 exhibeatur,
660 1157 819 1197 unicaque

124 1203 156 1228 et
172 1203 256 1228 certa
272 1199 360 1229 illius
372 1200 475 1229 forma
492 1200 616 1230 cunctis
629 1200 818 1236 innotescat,

125 1239 259 1280 [nostrae
276 1242 501 1272 sollicitudinis
516 1248 621 1282 partes
635 1243 667 1272 in
683 1243 743 1272 hoc
759 1243 819 1272 ali-

125 1284 177 1313 cui
195 1284 329 1314 minime
345 1285 542 1326 desiderari,]
561 1286 697 1315 formam
716 1285 819 1325 ipsam

125 1325 357 1366 [praesentibus
369 1328 572 1368 annotatam]
587 1328 745 1368 publicari
756 1328 818 1367 (fe—

125 1368 256 1409 cimus‚)
282 1375 313 1400 et
338 1370 474 1411 [ubique
500 1372 645 1410 gentium
678 1382 732 1411 per
756 1381 819 1408 eos,

125 1413 165 1442 ad
190 1422 270 1452 quos
293 1423 332 1443 ex
356 1414 491 1444 decretis
513 1415 615 1454 ipsius
639 1414 766 1444 concilii
790 1419 820 1444 et

124 1455 204 1484 alios
219 1456 389 1495 praedictos
404 1461 539 1496 spectat,
552 1457 649 1497 recipi
666 1462 696 1487 et
712 1458 820 1487 obser-

123 1499 203 1534 vari,
215 1509 250 1528 ac
262 1500 320 1529 sub
336 1500 442 1539 poenis
456 1510 511 1540 per
526 1500 698 1530 concilium
714 1500 820 1540 ipsum

123 1540 156 1570 in
173 1543 447 1572 contravenientes
460 1542 564 1582 latis,]
578 1543 674 1582 juxta
689 1543 770 1573 hanc
785 1553 821 1573 ac

124 1594 188 1613 non
197 1584 292 1615 aliam
302 1586 449 1621 formam,
458 1586 688 1626 professionem
698 1585 821 1626 (Fidei)

126 1625 350 1668 [praedietam]
378 1629 563 1658 solemniter
581 1629 658 1665 fieri,
681 1630 819 1659 auctori-

123 1674 189 1699 tate
215 1671 406 1710 Apostolica
438 1671 564 1711 [tenore
591 1671 819 1712 praesentium]

124 1712 266 1743 districte
290 1714 506 1754 praecipiendo
528 1715 733 1751 mandamus,
757 1715 819 1745 hu-

120 1755 264 1794 jusmodi
280 1757 338 1786 sub
355 1762 462 1787 tenore
476 1769 482 1787 z
508 1757 580 1797 Ego
596 1757 637 1787 N.
652 1758 743 1787 firma
759 1758 821 1788 fide

123 1799 228 1835 credo,
253 1804 283 1829 et
313 1800 470 1839 profiteor,
500 1800 608 1830 omnia
634 1804 666 1830 et
692 1801 821 1840 singula

124 1851 196 1880 quae
214 1842 418 1873 continentur
430 1843 463 1873 in
480 1843 633 1882 Symbolo
644 1843 744 1880 Fidei,
757 1854 820 1883 quo

125 1884 155 1913 S.
170 1884 316 1915 Romana
334 1885 482 1915 Ecclesia
497 1886 607 1922 utitur,
626 1886 697 1921 viz.,
717 1886 820 1916 Credo

122 1926 155 1956 in
182 1927 293 1957 Unum
319 1928 428 1958 Deum
453 1928 582 1957 Patrem
606 1928 819 1967 Omnipoten-

123 1972 198 2005 tem,
222 1969 388 2000 Factorem
412 1971 486 2000 coeli
511 1975 540 2000 et.
559 1976 662 2006 terrae,
690 1970 817 2009 [visibi-

123 2011 203 2041 lium
227 2013 382 2049 omnium‚
400 2018 431 2043 et
453 2013 665 2043 invisibilium
682 2013 707 2052 ι]
733 2018 762 2043 et
786 2014 819 2044 in

125 2054 238 2084 Unum
278 2055 457 2085 Dominum
493 2056 606 2085 Jesum
641 2056 819 2092 Christum,

123 2096 243 2127 Filium
268 2098 330 2128 Dei
349 2097 592 2137 [Unigenitunn
610 2102 640 2128 et
664 2108 702 2128 ex
725 2098 819 2129 Patre

122 2145 233 2169 natum
262 2147 335 2176 ante
361 2142 469 2171 omnia
491 2141 620 2175 saecula,
648 2141 755 2171 Deum
782 2142 820 2172 de

124 2182 205 2217 Deo,
220 2183 348 2213 Lumen
365 2184 402 2213 de
418 2184 567 2220 Lumine,
586 2184 693 2213 Deum
707 2194 818 2214 verum

123 2225 161 2254 de
194 2226 264 2255 Deo
294 2236 379 2262 vero,
405 2227 560 2266 genitum,
592 2237 655 2256 non
685 2227 817 2262 factum,

122 2269 428 2299 consubstantialem
446 2270 543 2305 Patri,
558 2279 615 2309 per
628 2269 734 2300 Quem
749 2280 816 2299 om-

122 2310 176 2340 nia
192 2312 275 2341 facta
292 2311 392 2351 suut,]
413 2313 467 2352 qui
481 2312 625 2352 [propter
640 2322 697 2342 nos
714 2312 817 2342 homi-

122 2363 188 2388 nes,
216 2358 246 2383 et
274 2360 402 2394 propter
423 2361 563 2385 nostram
589 2355 738 2391 salutem,
763 2356 817 2385 de-

123 2396 247 2426 scendit
267 2398 305 2426 de
322 2398 422 2434 coelis,
440 2397 486 2437 et]
505 2398 688 2428 incarnatus
712 2403 758 2428 est
781 2399 819 2428 dc

123 2439 244 2478 Spiritu
268 2440 385 2470 Sancto
410 2451 448 2470 ex
474 2441 579 2470 Maria
601 2441 746 2477 Virgine,
768 2440 818 2480 [et

122 2481 218 2511 honio
242 2482 345 2512 factus
368 2487 425 2519 est,
443 2484 616 2513 crucifixus
640 2484 735 2513 etiam
760 2494 817 2523 pro

122 2524 213 2554 nobis
250 2525 309 2555 sub
340 2525 454 2556 Pontio
486 2527 601 2563 Pilato,
632 2537 756 2566 passus,
787 2532 818 2557 et

121 2567 266 2607 sepultus
298 2572 354 2602 est.
380 2574 411 2599 et
436 2569 610 2599 resurrexit
640 2570 734 2599 tertia
766 2570 817 2600 (lie

123 2611 301 2640 secundum
331 2611 525 2651 Scripturas,
554 2617 584 2642 et
614 2613 756 2642 ascendit
784 2613 817 2643 in

122 2653 252 2689 coelum,
278 2654 366 2683 sedet
392 2655 431 2684 ad
459 2655 621 2685 dexteram
643 2655 758 2690 Patris,
786 2660 816 2685 et

121 2695 238 2725 iterum
262 2702 416 2726 venturus
440 2703 488 2727 est
512 2708 586 2727 cum
609 2698 709 2737 gloria
726 2698 815 2736 judi-

122 2747 192 2767 care
208 2738 296 2768 vivos
312 2744 343 2769 et
358 2745 510 2776 mortuos,
529 2741 632 2779 Cujus
649 2741 737 2779 regni
754 2750 816 2770 non

122 2780 180 2809 erit
197 2780 284 2811 finis:
310 2782 383 2811 etin
399 2783 555 2822 Spiritum
568 2783 735 2818 Sanctum,
748 2783 814 2812 Do-

122 2823 258 2859 minum,
275 2828 307 2854 et
322 2825 557 2861 Vivificantem‚
575 2825 642 2856 Qui
666 2835 703 2854 ex
722 2825 816 2855 Patre

125 2864 270 2905 Filioque
297 2868 447 2906 procedit,
474 2868 540 2899 Qui
567 2878 642 2897 curn
670 2868 761 2897 Patre
787 2873 817 2897 et

124 2906 207 2937 Filio
231 2908 328 2937 simul
355 2910 513 2946 adoratur,
541 2914 572 2940 et
596 2910 815 2949 conglorifica-

122 2953 185 2984 tur,
212 2950 279 2981 Qui
303 2950 431 2981 locutus
459 2958 507 2982 cst
533 2963 590 2992 per
616 2953 813 2992 Prophetas:

121 2997 152 3022 et
172 2992 278 3023 Unam
295 2993 446 3025 Sanctam
463 2995 663 3026 Catholicam
680 3003 710 3025 et
726 2995 813 3034 Apo--

877 557 1047 597 Baptisma
1063 558 1095 587 in
1109 558 1334 587 remissionem
1349 563 1553 597 peccatorum
1568 571 1574 594 ;

877 605 908 630 et
921 606 1053 640 expecto
1075 600 1343 630 resurrectionem
1364 606 1579 638 mortuorum,

876 647 908 673 et
923 643 1023 673 vitam
1038 643 1164 673 venturi
1181 643 1304 674 saeculi.
1331 643 1447 674 Amen.
1488 644 1574 684 Apo-

877 686 1006 716 stolicas
1041 690 1073 716 et
1103 686 1350 716 Ecclesiasticas
1379 687 1574 723 traditiones,

876 728 1097 769 reliquasque]
1121 730 1266 769 ejusdem
1284 729 1442 760 Ecclesiae
1467 730 1575 760 obser-

876 772 1020 802 vationes
1044 777 1075 802 et
1098 772 1352 809 constitutiones,
1376 771 1576 812 [firmissime

877 815 1022 851 admitto,
1050 819 1081 845 et
1109 815 1322 855 amplectorz]
1364 815 1510 855 (sensum
1543 816 1574 846 S.

876 856 1051 898 Scripturae
1065 859 1088 896 z)
1132 857 1236 897 [item,
1268 858 1398 888 Sacram
1430 859 1574 897 Scriptu-

875 910 944 930 ram
956 901 1051 940 juxta
1067 911 1141 930 eum
1157 911 1287 931 sensum
1312 911 1409 940 quem
1425 902 1529 932 tenuit
1545 906 1577 932 et

877 947 964 973 tenet
985 948 1096 973 sancta
1118 943 1225 974 Mater
1242 944 1399 981 Ecclesia,
1417 945 1511 983 cujus
1528 949 1576 974 est

875 986 1018 1025 judicare
1043 987 1082 1016 de
1104 996 1179 1016 vcro
1206 997 1304 1017 sensu
1327 992 1358 1017 et
1385 988 1572 1026 interpreta-

877 1029 962 1059 tione
975 1030 1144 1059 Sacrarum
1159 1030 1409 1069 Scripturarum,
1419 1030 1554 1060 admitto
1565 1042 1571 1065 ;

878 1081 935 1101 nec
953 1082 1022 1102 eain
1038 1083 1183 1112 unquam
1199 1073 1261 1102 nisi
1273 1073 1369 1112 juxta
1385 1073 1574 1102 unanimem

878 1124 1070 1144 consensum
1088 1115 1221 1145 Patrum
1238 1115 1404 1155 accipiam,
1422 1120 1453 1145 et
1474 1116 1572 1145 inter-

877 1158 1041 1196 pretabor:
1084 1158 1231 1198 profiteor
1268 1157 1412 1198 quoque]
1451 1162 1574 1198 septem

880 1198 967 1238 [esse
1002 1210 1077 1230 vera
1113 1199 1161 1240 et]
1200 1201 1326 1241 proprie
1367 1201 1575 1231 Sacramenta

881 1241 1002 1281 [Novae
1022 1243 1129 1282 Legis,
1146 1254 1164 1273 a
1177 1244 1257 1274 Jesu
1281 1243 1410 1274 Christo
1434 1244 1574 1274 Domino

877 1290 986 1315 nostro
1002 1286 1159 1321 instituta,
1176 1291 1271 1326 atque
1294 1287 1333 1317 ad
1357 1286 1495 1316 salutem
1511 1287 1572 1317 hu—

878 1328 967 1358 mani
982 1329 1118 1368 generis,
1133 1329 1209 1360 licet
1224 1339 1288 1359 non
1305 1330 1412 1359 onmia
1427 1329 1575 1369 singulis,

878 1372 1068 1409 necessaria,
1093 1372 1224 1408 scilicet,
1250 1373 1466 1412 Baptismum,
1486 1372 1571 1402 Con-

879 1414 1105 1451 firmationem‚
1129 1415 1381 1451 Eucharistiam,
1408 1415 1571 1445 Poeniten-

879 1457 967 1493 tiam,
980 1457 1170 1488 Extremam
1189 1458 1393 1495 Unctionem,
1407 1457 1574 1494 Ordinem,

880 1504 911 1529 et
924 1500 1172 1530 Matrimonium
1185 1513 1191 1536 3
1216 1501 1336 1541 illaque
1347 1501 1484 1540 gratiam
1498 1511 1573 1530 con—

880 1542 962 1572 ferre
974 1555 980 1572 ε
1005 1548 1036 1573 et
1049 1554 1087 1573 ex
1103 1544 1154 1573 his
1167 1544 1382 1583 Baptismum,
1395 1543 1575 1574 Confirma-

879 1585 1010 1623 tionem,
1027 1592 1058 1616 et
1074 1587 1239 1623 Ordinem,
1258 1587 1326 1616 sine
1347 1586 1514 1626 sacrilegio
1529 1597 1577 1616 re—

878 1628 986 1658 iterari
1008 1639 1070 1659 non
1095 1640 1206 1669 posse:
1229 1634 1372 1669 receptos
1395 1640 1523 1669 quoque
1547 1633 1578 1659 et

879 1672 1070 1711 approbatos
1094 1672 1253 1702 Ecclesiae
1283 1672 1460 1702 Catholicae
1484 1673 1576 1708 ritus,

879 1713 912 1743 in
936 1715 1195 1755 supradictorum
1220 1715 1365 1745 omnium
1386 1715 1574 1745 Sacramen-

879 1761 987 1787 torum
1003 1758 1139 1788 solemni
1155 1758 1443 1793 administratione,
1458 1758 1576 1798 recipio

879 1804 910 1829 et
940 1800 1111 1840 adinittoz]
1151 1800 1363 1839 (doctrinam)
1393 1800 1518 1840 [omnia
1545 1806 1576 1831 et

879 1842 1016 1881 singula,
1034 1842 1125 1883 quae]
1152 1844 1190 1873 de
1213 1848 1345 1883 peccato
1370 1843 1528 1882 originali,
1545 1849 1576 1874 et

880 1883 954 1924 [de]
968 1886 1207 1924 justificatione,
1221 1885 1271 1925 [in
1285 1890 1487 1915 sacrosancta
1502 1886 1573 1916 Tri-

879 1927 1010 1957 dentina
1040 1928 1161 1968 synodo
1192 1928 1323 1958 definita
1353 1933 1383 1958 et
1413 1928 1575 1959 declarata

877 1969 1017 2006 fuerunt,
1031 1971 1205 2010 amplector
1219 1976 1250 2000 et
1264 1970 1383 2010 recipio
1396 1982 1401 2000 :
1428 1972 1577 2010 profiteor

878 2013 996 2051 pariter
1020 2013 1052 2042 in
1077 2013 1180 2043 Missa
1205 2013 1309 2043 offerri
1339 2014 1408 2043 Deo
1431 2013 1572 2054 verum,]

877 2055 1143 2095 propitiatorium,
1170 2061 1201 2086 et
1230 2056 1396 2096 proprium
1425 2056 1572 2095 (Missae)

877 2098 1068 2128 sacrificium
1085 2109 1142 2139 pro
1155 2099 1237 2128 vivis
1253 2104 1283 2128 et
1299 2099 1479 2133 defunctis3
1509 2099 1572 2138 [at-⁷

879 2150 940 2179 que
957 2141 989 2170 in
1006 2148 1208 2172 sacrosancto
1226 2142 1442 2172 Eucharistiae
1461 2142 1573 2171 Sacra-

877 2188 986 2213 mento
1010 2194 1077 2214 esse
1100 2195 1183 2222 vere,
1207 2185 1345 2221 realiter,
1367 2189 1398 2214 et
1423 2184 1573 2214 substan-

877 2226 1005 2262 tialiter,
1018 2227 1143 2267 Corpus
1159 2233 1189 2258 et
1201 2228 1408 2267 Sanguinem,
1423 2237 1487 2256 una
1500 2238 1573 2257 cum

877 2268 997 2299 Anima
1006 2275 1037 2300 et
1050 2270 1225 2300 Divinitate
1239 2271 1369 2300 Domini
1382 2271 1483 2300 nostri
1494 2270 1574 2300 Jesu

878 2311 1011 2349 Christi,
1042 2313 1173 2353 fierique
1204 2313 1444 2343 conversionem
1476 2313 1574 2343 totius

877 2355 1064 2385 substantiae
1090 2356 1181 2396 panis
1204 2357 1236 2385 in
1262 2356 1399 2395 Corpus,
1422 2360 1453 2385 et
1476 2356 1574 2386 totius

877 2397 1065 2428 substantiae
1089 2399 1156 2428 vini
1183 2398 1215 2428 in
1241 2399 1449 2437 Sanguinem,
1475 2409 1573 2437 quam

876 2442 1114 2471 conversionem
1129 2441 1295 2471 Catholica
1307 2440 1472 2480 Ecclesia]
1485 2447 1571 2470 tran-

876 2483 1130 2514 substantionem
1147 2484 1323 2524 [appellatz
1343 2484 1440 2514 fateor
1456 2483 1570 2523 etiam]

877 2526 1170 2566 (communionem)
1186 2527 1243 2557 sub
1254 2527 1352 2556 altera
1364 2532 1488 2556 tautum
1501 2537 1572 2566 spc-

876 2568 923 2598 cic
942 2567 1062 2605 [totum
1087 2575 1183 2609 atque
1207 2569 1366 2609 integrum
1393 2570 1571 2606 Christum,

874 2622 1050 2652 verumque
1075 2614 1331 2648 Sacramentum,
1357 2612 1461 2642 sumi:
1496 2623 1570 2641 cou-

875 2659 997 2684 stanter
1013 2655 1120 2695 teneo]
1142 2655 1367 2694 Purgatorium
1387 2654 1482 2694 [essc‚
1501 2655 1568 2683 ani-

873 2707 1008 2737 masque
1022 2698 1064 2727 ibi
1078 2699 1222 2728 detentas
1236 2698 1394 2727 Fideliuui
1412 2697 1572 2735 sull'ragiis

871 2739 994 2778 juvari:
1039 2741 1188 2770 similiter
1225 2742 1272 2780 et]
1307 2741 1567 2778 (Invocationein

874 2783 1076 2822 sanctorum)
1096 2781 1258 2822 [Sanctos,
1273 2794 1337 2812 una
1353 2793 1425 2812 cum
1441 2782 1567 2811 Pluris-to

873 2829 1054 2863 regnantCS,
1063 2826 1256 2855 venerandos
1268 2831 1362 2864 atquc
1376 2825 1569 2855 invocandos

875 2876 953 2901 esse,
977 2877 1094 2906 cosque
1119 2868 1275 2897 orationes
1303 2869 1371 2897 Deo
1399 2878 1454 2907 pro
1479 2867 1568 2895 nobis

875 2909 996 2942 offerre,
1011 2915 1107 2949 atque
1124 2921 1234 2940 eorum
1258 2911 1410 2950 reliquias
1429 2920 1496 2938 csse
1513 2919 1567 2937 vc-

875 2952 1048 2982 nerandas:
1076 2953 1210 2982 firmiter
1231 2956 1350 2991 assero]
1374 2951 1568 2989 (imaginum

875 2995 1127 3035 venerationem)
1160 2995 1334 3035 [imagines
1373 2994 1503 3029 Christi,
1535 3004 1570 3023 ac
