1987 3244
239 333 264 364 C
278 334 309 365 H
324 334 351 366 A
364 335 399 368 Ρ.

248 378 382 410 XVIII.

432 224 518 266 274
867 229 907 268 A
929 230 1202 270 Sclcolastical
1218 230 1392 283 History
1414 230 1463 283 of

432 330 506 373 the
536 332 826 390 Archbishops
856 350 964 377 were
993 337 1093 391 only
1121 337 1307 388 titulark,
1330 337 1460 390 being
1487 337 1561 378 the
1599 336 1750 391 Pope's
1782 349 1884 390 pen-

433 400 593 442 sioners
626 412 669 444 at
705 404 854 455 Rome,
878 406 962 446 and
995 420 1089 446 now
1125 410 1220 447 sent
1251 410 1297 447 to
1330 406 1475 457 Trent,
1511 411 1556 447 to
1588 406 1776 446 increase
1812 405 1886 445 the

433 470 628 522 number,
664 472 749 512 and
780 477 824 514 to
858 473 1025 527 depend
1058 488 1173 527 upon
1208 474 1281 515 the
1317 474 1527 528 Legates:
1570 475 1649 515 but
1688 475 1734 514 in
1763 474 1886 514 those

433 540 651 592 churches,
673 543 862 584 whereof
880 544 981 597 they
1003 544 1103 584 bare
1125 544 1199 584 the
1221 558 1380 594 names,
1403 544 1487 585 had
1508 544 1610 597 they
1631 543 1815 596 nothing
1841 547 1887 583 to

434 608 487 650 do
500 627 511 660 5
543 624 623 651 nor
644 625 751 652 were
772 612 874 666 they
897 626 980 666 any
1000 612 1144 652 lawful
1165 612 1250 652 and
1270 616 1366 653 true
1388 611 1570 665 Bishops
1603 616 1646 652 at
1668 611 1737 652 all.
1797 610 1888 650 The

432 691 513 718 one
535 678 582 719 of
601 679 720 719 these
741 693 824 719 was
846 679 976 720 Olaus
998 680 1200 733 Magnus,
1222 679 1296 720 the
1320 680 1449 730 Goth,
1472 680 1565 720 who
1589 683 1699 719 went
1728 679 1794 719 for
1813 678 1888 718 the

432 746 701 801 Archbishop
724 748 771 788 of
787 747 922 802 Upsal
942 748 987 788 in
1012 748 1286 798 Swedeland3
1319 748 1403 790 and
1425 748 1498 789 the
1524 747 1660 798 other,
1676 747 1797 788 blind
1821 746 1889 786 Sir

434 814 609 865 Robert‚
631 815 705 856 the
739 816 853 866 Scot,
876 816 968 857 who
994 816 1202 870 appeared
1223 817 1287 857 for
1308 817 1382 857 the
1409 815 1600 857 Primate
1625 815 1672 856 of
1695 814 1890 867 Armagh

433 881 481 922 in
502 882 687 934 Ireland,
711 883 795 924 and
817 884 864 924 of
880 884 1017 925 whom
1037 885 1072 925 it
1093 898 1176 925 was
1197 884 1302 925 then
1325 884 1566 938 commonly
1589 883 1692 933 said,
1713 883 1821 931 that,
1845 896 1889 923 as

434 950 653 1002 poreblind
680 965 724 991 as
756 951 810 991 he
841 966 937 1002 was,
966 956 1038 1006 yet
1065 952 1149 992 had
1180 952 1233 993 he
1264 952 1338 993 the
1369 951 1711 993 commendation
1735 955 1779 992 to
1799 950 1890 991 ride

432 1022 527 1070 post
548 1018 622 1058 the
643 1017 737 1059 best
757 1019 804 1059 in
824 1019 898 1060 the
919 1019 1062 1060 world.
1123 1020 1225 1060 And
1246 1020 1348 1061 with
1368 1020 1488 1061 these
1509 1034 1609 1061 men
1630 1019 1733 1074 they
1752 1018 1891 1072 began

431 1084 544 1124 their
565 1086 842 1126 oecumenical
863 1087 1038 1140 chapter
1059 1092 1102 1128 at
1124 1088 1255 1128 Trent
1271 1105 1334 1129 :—

490 1152 644 1193 CXCI.
676 1153 835 1194 Where
868 1154 942 1195 the
972 1156 1063 1195 first-
1095 1154 1269 1196 session¹
1302 1170 1384 1197 was
1416 1161 1540 1209 spent
1570 1156 1616 1195 in
1651 1168 1890 1208 ceremony,

432 1220 516 1261 and
538 1221 725 1276 opening
745 1222 819 1264 the
846 1223 1038 1264 council:
1072 1223 1145 1265 the
1167 1223 1360 1265 secondm
1388 1223 1434 1264 in
1457 1223 1722 1277 prescribing
1749 1222 1891 1263 orders

475 1383 491 1404 k
517 1378 599 1409 Ibid.
619 1378 691 1419 [ubi
707 1380 893 1419 supr.—Ex
909 1380 1135 1420 Archiepisco-

432 1422 481 1461 pis
499 1422 561 1452 duo
581 1427 670 1452 erant
684 1423 785 1452 veluti
809 1424 980 1462 personati,
998 1424 1053 1463 qui
1070 1424 1135 1453 Ec-

432 1465 544 1494 clesias
569 1465 721 1504 (quarum
737 1465 840 1495 titulis
861 1466 990 1496 honoris
1011 1470 1137 1496 tantum

433 1517 509 1547 ergo
526 1518 544 1537 a
560 1508 717 1538 Pontifice
740 1508 949 1548 ornabantur)
967 1519 1136 1548 nunquam

434 1550 535 1580 oculis
551 1550 618 1580 suis
635 1551 787 1586 viderant,
806 1551 901 1589 (viz.)
920 1552 1021 1581 Olaus
1038 1552 1133 1591 Mag-

434 1603 495 1622 nus
514 1592 703 1632 Upsalensis
726 1594 758 1622 in
783 1594 897 1623 Suecia
920 1594 1132 1633 archiepisco-

435 1644 507 1674 pus,
538 1640 569 1665 et
607 1636 768 1665 Robertus
798 1636 979 1666 Venantius
1019 1637 1133 1666 Scotus

435 1678 693 1718 archiepiscopus
705 1679 906 1708 Armacanus
918 1679 951 1708 in
967 1679 1133 1716 Hibernia,

435 1720 500 1759 qui,
517 1720 592 1751 licet
608 1721 709 1750 oculis
725 1731 839 1761 parum
855 1722 1058 1761 prospiceret,
1075 1721 1132 1751 ho-

433 1764 530 1793 minis
545 1768 650 1793 tamen
666 1764 756 1803 equis
772 1764 942 1794 meritoriis
961 1764 1135 1804 expeditis-

433 1806 513 1835 sime
549 1807 610 1836 iter
641 1806 787 1836 facientis
824 1807 1135 1837 commendationem

432 1849 560 1879 meruit.
592 1849 684 1878 Duos
700 1849 758 1879 hos
777 1849 925 1879 Pontifex
943 1849 1058 1879 Romae
1076 1850 1135 1879 ali—

433 1896 511 1930 quot
524 1902 624 1921 annos
638 1892 840 1931 eleemosyna
857 1903 914 1922 sua
928 1896 1133 1929 sustentarat,

433 1934 689 1974 Tridentumque
718 1945 804 1964 nunc
829 1934 974 1974 augendo
1001 1945 1135 1965 nurnero

432 1977 611 2012 mandarat,
642 1988 660 2007 a
692 1977 822 2016 Legatis
852 1978 988 2017 pendere
1014 1978 1133 2017 jussos.

434 2019 557 2050 Praeter
572 2020 641 2056 hos,
658 2019 725 2049 XX
742 2020 898 2059 Theologi
913 2020 946 2049 in
960 2020 1030 2050 loco
1049 2020 1133 2050 Con-

434 2073 540 2093 sessus
557 2063 692 2093 stabant.
726 2063 842 2093 Orator
857 2073 930 2093 vero
948 2063 1049 2102 Regis
1066 2063 1134 2093 Ro-

433 2115 615 2142 manorum,
628 2109 657 2135 et
670 2105 860 2135 Procurator
874 2106 1054 2135 Cardinalis
1067 2106 1134 2135 Au-

433 2148 572 2187 gustani,
583 2148 616 2177 in
632 2158 762 2178 scamno
777 2148 955 2179 oratoribus
971 2149 1136 2187 designato

434 2190 654 2227 considebant,
673 2195 703 2220 et
719 2191 815 2229 juxta
838 2201 890 2221 eos
915 2191 946 2220 X
970 2202 986 2221 e
1007 2191 1136 2230 regione

436 2232 644 2272 circumjecta
670 2233 807 2263 Nobiles
828 2244 845 2264 a
868 2233 1039 2264 Cardinale
1062 2234 1134 2263 Tri-

436 2275 566 2304 dentino
591 2275 718 2309 selecti3
745 2275 915 2315 &e.]—Et
941 2277 1026 2316 apud
1053 2276 1134 2307 Slei-

436 2317 520 2353 dan„
536 2317 590 2347 lib.
607 2318 683 2346 xvii.
710 2317 781 2356 [fol.
807 2320 878 2348 208.
903 2329 975 2349 ann.
999 2320 1136 2349 1546.—

438 2359 541 2389 Erant
564 2363 671 2389 autem
699 2360 854 2395 Tridenti‚
879 2366 995 2400 praeter
1024 2362 1136 2391 Cardi-

437 2402 539 2439 nales,
558 2402 724 2432 Pontificis
748 2402 897 2441 Legatos,
921 2408 952 2432 et
976 2404 1136 2433 Tridenti-

436 2455 516 2474 num
533 2449 629 2484 atque
652 2444 836 2475 Pachecum
860 2445 1057 2484 Hispanum,
1072 2446 1135 2475 Ar-

437 2487 633 2527 chiepiscopi
662 2492 807 2527 quatuor,
830 2487 984 2528 Episcopi
1008 2488 1138 2527 triginta

438 2534 512 2565 tres,
530 2534 561 2560 et
576 2531 608 2559 in
625 2530 676 2560 his
698 2531 759 2560 duo
776 2530 874 2567 Galli,
891 2531 1033 2570 quinque
1058 2531 1137 2560 His-

438 2572 527 2611 pani,
557 2573 709 2612 Illyricus
745 2583 840 2610 unus,
875 2573 991 2613 reliqui
1028 2582 1138 2603 omnes

441 2614 538 2644 Itali:
597 2615 763 2654 Theologi,
794 2616 947 2653 doctores,
978 2616 1138 2653 monachi,

441 2667 558 2692 xxxv.;
594 2667 633 2687 ex
660 2657 731 2687 aliis
759 2667 842 2694 vero,
867 2668 931 2687 non
954 2658 1138 2688 monasticae

441 2699 657 2739 professionis,
674 2700 853 2736 duodecim,
870 2701 1013 2740 plerique
1029 2711 1140 2731 omnes

443 2741 611 2781 Hispani.]
645 2742 817 2779 Caeterum,
843 2743 877 2772 in
907 2748 1044 2783 quatuor
1076 2743 1141 2773 illis

442 2784 698 2824 archiepiscopis,
719 2789 808 2815 erant
831 2785 893 2815 duo
920 2786 1008 2816 velut
1032 2796 1139 2826 perso-

440 2827 520 2863 nati,
550 2827 651 2857 Olaus
683 2827 824 2866 Magnus
853 2828 1055 2868 Upsalensis,
1080 2828 1142 2868 (et)

445 2869 607 2899 Robertus
625 2870 801 2900 Venantius
818 2870 930 2901 Scotus
948 2871 1144 2910 (Armacha-

444 2912 532 2951 nus.)
579 2911 682 2951 [Cum
720 2913 841 2943 Sueciae
875 2924 932 2943 rex
969 2914 1145 2952 Gustavus,

446 2955 562 2985 Daniae
591 2955 758 2992 finitimus,
782 2956 969 2996 religionem
993 2961 1144 2994 mutaret,

447 2998 532 3038 quod
555 2997 616 3028 fuit
642 3008 725 3029 anno
748 2998 873 3029 circiter
899 3000 990 3036 1537,
1015 3001 1146 3031 Joamzes

1197 1380 1351 1420 Magnus,
1382 1379 1655 1418 Archiepiscopus
1693 1377 1892 1417 UpsalensiS‚

1197 1424 1252 1463 qui
1275 1423 1486 1453 mutationem
1508 1422 1597 1452 illam
1622 1422 1826 1460 improbaret,
1842 1430 1892 1450 re-

1195 1465 1271 1496 licta
1298 1467 1411 1506 patria,
1441 1465 1582 1495 Romam
1611 1464 1764 1503 confugit,
1792 1473 1893 1502 eoque

1194 1509 1283 1539 venit
1303 1509 1456 1538 mediocri
1479 1518 1553 1538 cum
1577 1507 1740 1537 comitatu.
1786 1506 1892 1535 Vene-

1194 1552 1254 1581 tias
1284 1552 1445 1591 profectus
1475 1550 1598 1586 deinde,
1622 1550 1726 1579 factus
1753 1553 1801 1578 est
1823 1549 1894 1587 ejus

1193 1595 1332 1624 civitatis
1369 1594 1564 1624 Patriarchae
1595 1592 1753 1627 Vicarius,
1781 1596 1811 1621 et
1842 1592 1896 1628 (ut

1193 1638 1292 1676 vulgo
1308 1636 1433 1675 dicunt)
1451 1637 1680 1675 suffraganeus.
1721 1634 1804 1664 Eam
1820 1643 1895 1664 vero

1194 1680 1409 1709 conditionem
1431 1684 1541 1718 postea
1564 1683 1729 1717 pertaesus,
1753 1677 1895 1706 Romani

1193 1722 1332 1758 revertit,
1346 1726 1376 1751 et
1391 1722 1423 1751 in
1441 1721 1606 1760 angustias
1622 1721 1777 1755 redactus,
1793 1729 1894 1758 quum

1194 1764 1365 1794 divenditis
1395 1764 1486 1802 equis
1515 1763 1672 1792 familiam
1701 1762 1764 1791 fere
1793 1766 1894 1791 totam

1194 1807 1378 1842 dimisisset,
1396 1817 1414 1836 a
1430 1806 1531 1836 Paulo
1547 1805 1702 1835 Pontifice
1719 1804 1895 1834 collocatur

1193 1849 1227 1879 in
1243 1849 1394 1889 hospitali
1407 1849 1509 1885 domo,
1523 1858 1621 1888 quam
1633 1852 1748 1877 vocant
1763 1849 1770 1862 ‘
1785 1846 1894 1876 Sancti

1195 1892 1332 1932 Spiritus
1345 1893 1362 1927 ;'
1388 1892 1422 1921 in
1445 1901 1543 1931 eaque
1566 1890 1670 1920 tenuis
1693 1894 1789 1929 atque
1812 1899 1892 1928 pau-

1194 1945 1250 1975 per
1273 1935 1372 1965 vitam
1392 1934 1484 1963 finiit.
1531 1933 1612 1963 Erat
1638 1943 1712 1962 cum
1739 1942 1774 1962 eo
1798 1932 1896 1961 frater

1198 1979 1299 2008 Olaus.
1347 1977 1434 2007 Huic
1462 1976 1611 2006 Pontifex
1641 1975 1893 2014 archiepiscopa-

1195 2025 1264 2050 tum
1280 2020 1375 2050 illum
1395 2019 1581 2055 Gothicum,
1594 2018 1670 2048 licet
1692 2022 1782 2048 extra
1805 2027 1892 2047 com-

1194 2064 1353 2093 mercium
1377 2062 1534 2092 Ecclesiae
1560 2061 1717 2091 Romanae
1741 2060 1893 2100 positum,

1195 2106 1328 2142 confert,
1352 2110 1383 2135 et
1410 2105 1546 2135 coneilio
1568 2105 1719 2134 interesse
1738 2103 1842 2142 jubet,
1866 2107 1896 2132 et

1195 2149 1235 2179 ad
1248 2149 1371 2179 victum
1385 2147 1608 2187 quotidianum
1619 2156 1730 2176 aureos
1740 2146 1794 2175 dat
1804 2155 1895 2175 men-

1195 2196 1300 2221 struos
1324 2191 1518 2230 quindecim.
1576 2190 1667 2220 Alter
1689 2189 1744 2218 ille
1769 2188 1894 2224 Scotus,

1195 2245 1270 2264 cum
1291 2233 1601 2273 archiepiscopatum
1625 2232 1896 2262 Armacacensem

1195 2287 1263 2307 esse
1274 2277 1306 2306 in
1318 2276 1476 2306 Hibernia
1485 2275 1628 2315 pontifici
1638 2275 1897 2310 demonstrasset,

1195 2320 1328 2350 titulum
1351 2320 1420 2358 ejus
1444 2318 1506 2349 fuit
1532 2319 1570 2348 ab
1594 2318 1650 2347 illo
1673 2316 1894 2356 consecutus]

1197 2362 1278 2392 Erat
1294 2366 1403 2392 autem
1421 2361 1504 2400 (hie)
1523 2371 1639 2396 caecus,
1656 2364 1688 2389 et
1707 2364 1815 2390 tamen
1830 2369 1896 2388 non

1197 2405 1302 2434 solum
1333 2404 1552 2440 missificabat,
1575 2412 1689 2434 verum
1714 2402 1810 2432 etiam
1841 2411 1897 2441 per

1196 2447 1314 2476 celeres
1329 2457 1426 2486 equos
1442 2447 1596 2476 currebat.
1638 2445 1707 2475 Hos
1725 2453 1799 2484 ergo
1816 2444 1897 2473 duos

1196 2489 1339 2528 pontifex
1354 2490 1388 2518 in
1403 2493 1486 2518 caetu
1499 2486 1717 2527 (Tridentino)
1731 2485 1895 2527 [patrum]

1197 2541 1265 2561 esse
1279 2531 1391 2567 voluit,
1409 2531 1630 2560 ostentationis
1647 2540 1743 2560 causa
1758 2533 1896 2565 tantum,

1197 2574 1288 2612 quasi
1317 2573 1372 2602 isti
1402 2573 1464 2602 duo
1487 2573 1599 2613 populi
1628 2577 1694 2602 tam
1716 2571 1896 2610 longinqui,

1199 2615 1298 2645 Gothi
1334 2619 1364 2644 et
1398 2615 1545 2651 Hiberni,
1576 2618 1765 2654 potestatem
1794 2613 1898 2652 ipsius

1198 2661 1416 2698 agnoscerent,
1453 2667 1527 2687 cum
1557 2656 1605 2686 illi
1634 2666 1752 2692 revera,
1783 2661 1899 2694 praeter

1198 2702 1359 2738 umbram,
1374 2704 1405 2730 et
1426 2700 1550 2730 nudum
1576 2699 1720 2735 titulum,
1742 2697 1823 2728 nihil
1838 2698 1896 2728 ha-

1197 2745 1316 2774 berent.

1244 2784 1251 2802 ¹
1278 2785 1381 2816 XIII.
1408 2785 1562 2815 Decemb.
1583 2785 1673 2815 1545.
1698 2783 1823 2824 [Suav.‚
1839 2783 1896 2813 lib.

1202 2829 1235 2858 ii.
1262 2839 1292 2869 p.
1321 2828 1581 2858 lOl.-Ventum
1605 2827 1734 2857 tandem
1759 2827 1798 2855 ad
1828 2826 1895 2855 xiii.

1204 2871 1393 2901 Decembris
1410 2870 1504 2906 diem,
1522 2880 1585 2910 quo
1602 2871 1717 2900 Romae
1735 2868 1895 2904 Pontifex,

1199 2914 1333 2954 jubilaeo
1358 2913 1525 2943 veniarum
1557 2914 1731 2954 diplomate
1751 2910 1894 2951 promul-

1203 2962 1287 2997 gato,
1304 2956 1470 2995 exposuit;
1494 2955 1572 2995 δια]

1247 3003 1267 3018 ¹¹¹
1291 2999 1370 3030 VII.
1387 2998 1534 3029 «Ianuarii
1552 2999 1642 3029 1546.
1661 2996 1786 3038 [Suav.‚
1798 2996 1850 3026 lib.
1862 2994 1896 3025 ii.
